%@preamble{ " \newcommand{\noop}[1]{} " } % a do-nothing command that serves a purpose
%
%\usepackage[latin1]{inputenc}
%
@article{Lenderink:2009,
     author    = "Lenderink, G. and van Meijgaard, E. and Selten, F.",
     title     = "{Intense coastal rainfall in the Netherlands in response to high sea surface temperatures: analysis of the event of August 2006 from the perspective of a changing climate}",
     journal   = "Clim. Dyn.",
     volume    = "32",
     year      = "2009",
     pages     = "19--33",
     eprint    = "",
     annote    = "",
}
@article{moseley2016,
  title={Convective extremes driven by cloud-cloud interaction},
  author={Moseley, C and Hohenegger, C and Berg, P and Haerter, JO},
  journal={Nature Geoscience},
  volume={9},
  number={},
  pages={748–752},
  year={2016}
}
@article{berg2016creation,
  title={Creation of a high resolution precipitation data set by merging gridded gauge data and radar observations for Sweden},
  author={Berg, Peter and Norin, Lars and Olsson, Jonas},
  journal={Journal of Hydrology},
  volume={541},
  pages={6--13},
  year={2016},
  publisher={Elsevier}
}
@article{gentine2016role,
  title={Role of surface heat fluxes underneath cold pools},
  author={Gentine, Pierre and Garelli, Alix and Park, Seung-Bu and Nie, Ji and Torri, Giuseppe and Kuang, Zhiming},
  journal={Geophysical research letters},
  volume={43},
  number={2},
  pages={874--883},
  year={2016},
  publisher={Wiley Online Library}
}
@article{berg2013strong,
  title={Strong increase in convective precipitation in response to higher temperatures},
  author={Berg, Peter and Moseley, Christopher and Haerter, Jan O},
  journal={Nature Geoscience},
  volume={6},
  number={3},
  pages={181--185},
  year={2013},
  publisher={Nature Research}
}

@article{berg2013ngs,
  title={Strong increase in convective precipitation in response to higher temperatures},
  author={Berg, Peter and Moseley, Christopher and Haerter, Jan O},
  journal={Nature Geoscience},
  volume={6},
  number={3},
  pages={181--185},
  year={2013},
  publisher={Nature Research}
}

@article{torri2016rain,
  title={Rain evaporation and moist patches in tropical boundary layers},
  author={Torri, Giuseppe and Kuang, Zhiming},
  journal={Geophysical Research Letters},
  volume={43},
  number={18},
  pages={9895--9902},
  year={2016},
  publisher={Wiley Online Library}
}

@Article{Lenderink:2008,
     author    = "Lenderink, G. and van Meijgaard, E.",
     title     = "Increase in hourly precipitation extremes beyond expectations from temperature changes",
     journal   = "Nature Geosci.",
     volume    = "1",
     year      = "2008",
     pages     = "511-514",
     eprint    = "",
     annote    = "",
}
@article{torricold,
  title={On cold pool collisions in tropical boundary layers},
  author={Torri, Giuseppe and Kuang, Zhiming},
  journal={Geophysical Research Letters, DOI: 10.1029/2018GL080501},
  publisher={Wiley Online Library},
  year={2018},
  doi ={10.1029/2018GL080501}
}
@book{yeomans1992statistical,
  title={Statistical mechanics of phase transitions},
  author={Yeomans, Julia M},
  year={1992},
  publisher={Clarendon Press}
}
@article{olsson2017distance,
  title={Distance-dependent depth-duration analysis in high-resolution hydro-meteorological ensemble forecasting: A case study in Malm{\"o} City, Sweden},
  author={Olsson, Jonas and Pers, B Charlotta and Bengtsson, Lisa and Pechlivanidis, Ilias and Berg, Peter and K{\"o}rnich, Heiner},
  journal={Environmental Modelling \& Software},
  volume={93},
  pages={381--397},
  year={2017},
  publisher={Elsevier}
}
@article{golding2016mogreps,
  title={MOGREPS-UK convection-permitting ensemble products for surface water flood forecasting: Rationale and first results},
  author={Golding, Brian and Roberts, Nigel and Leoncini, Giovanni and Mylne, Ken and Swinbank, Richard},
  journal={Journal of Hydrometeorology},
  volume={17},
  number={5},
  pages={1383--1406},
  year={2016}
}
@article{black1978mesoscale,
  title={Mesoscale cloud patterns revealed by Apollo-Soyuz photographs},
  author={Black, Peter G},
  journal={Bulletin of the American Meteorological Society},
  volume={59},
  number={11},
  pages={1409--1419},
  year={1978},
  publisher={American Meteorological Society}
}
@article{grant2016cold,
  title={Cold pool dissipation},
  author={Grant, Leah D and van den Heever, Susan C},
  journal={Journal of Geophysical Research: Atmospheres},
  volume={121},
  number={3},
  pages={1138--1155},
  year={2016},
  publisher={Wiley Online Library}
}
@article{chandramoisture,
  title={Moisture distributions in tropical cold pools from equatorial Indian Ocean observations and cloud-resolving simulations},
  author={Chandra, Arunchandra S and Zuidema, Paquita and Krueger, Steven and Kochanski, Adam and de Szoeke, Simon P and Zhang, Jianhao},
  journal={Journal of Geophysical Research: Atmospheres},
  year={2018},
  doi={10.1029/2018JD028634},
  publisher={Wiley Online Library}
}
@article{mellado2012direct,
  title={Direct numerical simulation of free convection over a heated plate},
  author={Mellado, Juan Pedro},
  journal={Journal of Fluid Mechanics},
  volume={712},
  pages={418--450},
  year={2012},
  publisher={Cambridge University Press}
}
@article{drager2017characterizing,
  title={Characterizing convective cold pools},
  author={Drager, Aryeh J and van den Heever, Susan C},
  journal={Journal of Advances in Modeling Earth Systems},
  volume={9},
  number={2},
  pages={1091--1115},
  year={2017},
  publisher={Wiley Online Library}
}
@article{haerter2018reconciling,
  title={Reconciling cold pool dynamics with convective self-organization},
  author={Haerter, J. O., and others},
  journal={arXiv:1810.05518v1},
  volume={},
  number={},
  pages={},
  year={2018},
  publisher={}
}
@article{zhang2005madden,
  title={Madden-{J}ulian {O}scillation},
  author={Zhang, Chidong},
  journal={Reviews of Geophysics},
  volume={43},
  number={2},
  year={2005},
  publisher={Wiley Online Library}
}
@article{cafaro2018characteristics,
  title={Characteristics of colliding density currents: a numerical and theoretical study},
  author={Cafaro, Carlo and Rooney, Gabriel G},
  journal={Quarterly Journal of the Royal Meteorological Society},
  year={2018},
  publisher={Wiley Online Library}
}
@article{bretherton2017understanding,
  title={Understanding Mesoscale Aggregation of Shallow Cumulus Convection Using Large-Eddy Simulation},
  author={Bretherton, CS and Blossey, PN},
  journal={Journal of Advances in Modeling Earth Systems},
  volume={9},
  number={8},
  pages={2798--2821},
  year={2017},
  publisher={Wiley Online Library}
}
@article{guerreiro2018detection,
  title={Detection of continental-scale intensification of hourly rainfall extremes},
  author={Guerreiro, Selma B and Fowler, Hayley J and Barbero, Renaud and Westra, Seth and Lenderink, Geert and Blenkinsop, Stephen and Lewis, Elizabeth and Li, Xiao-Feng},
  journal={Nature Climate Change},
  pages={1},
  year={2018},
  publisher={Nature Publishing Group}
}
@article{haerter2018intensified,
  title={Intensified Cold Pool Dynamics Under Stronger Surface Heating},
  author={Haerter, Jan O and Schlemmer, Linda},
  journal={Geophysical Research Letters},
  volume={45},
  number={12},
  pages={6299--6310},
  year={2018},
  publisher={Wiley Online Library}
}
@article{kim2001voronoi,
  title={Voronoi diagram of a circle set from Voronoi diagram of a point set: II. Geometry},
  author={Kim, Deok-Soo and Kim, Donguk and Sugihara, Kokichi},
  journal={Computer Aided Geometric Design},
  volume={18},
  number={6},
  pages={563--585},
  year={2001}
}
@inproceedings{yan2011computing,
  title={{Computing 2D periodic centroidal Voronoi tessellation}},
  author={Yan, Dong-Ming and Wang, Kai and L{\'e}vy, Bruno and Alonso, Laurent},
  booktitle={Voronoi Diagrams in Science and Engineering (ISVD), 2011 Eighth International Symposium on},
  pages={177--184},
  year={2011},
  organization={IEEE}
}
@article{berg2013strong,
  title={Strong increase in convective precipitation in response to higher temperatures},
  author={Berg, Peter and Moseley, Christopher and Haerter, Jan O},
  journal={Nature Geoscience},
  volume={6},
  number={3},
  pages={181},
  year={2013},
  publisher={Nature Publishing Group}
}
@article{romps2016sizes,
  title={On the sizes and lifetimes of cold pools},
  author={Romps, David M and Jeevanjee, Nadir},
  journal={Quarterly Journal of the Royal Meteorological Society},
  volume={142},
  number={696},
  pages={1517--1527},
  year={2016},
  publisher={Wiley Online Library}
}
@book{etling2008theoretische,
  title={Theoretische Meteorologie: Eine Einf{\"u}hrung},
  author={Etling, Dieter},
  year={2008},
  publisher={Springer-Verlag}
}
@book{drazin2004hydrodynamic,
  title={Hydrodynamic stability, p. 58},
  author={Drazin, Philip G and Reid, William Hill},
  year={2004},
  publisher={Cambridge university press},
  pages={58}
}
@article{khairoutdinov2006high,
  title={High-resolution simulation of shallow-to-deep convection transition over land},
  author={Khairoutdinov, Marat and Randall, David},
  journal={Journal of the atmospheric sciences},
  volume={63},
  number={12},
  pages={3421--3436},
  year={2006}
}

@article{lima2008convective,
  title={Convective storm initiation in a moist tropical environment},
  author={Lima, Maria Andrea and Wilson, James W},
  journal={Monthly Weather Review},
  volume={136},
  number={6},
  pages={1847--1864},
  year={2008}
}

@article{ban2015heavy,
  title={Heavy precipitation in a changing climate: Does short-term summer precipitation increase faster?},
  author={Ban, Nikolina and Schmidli, Juerg and Sch{\"a}r, Christoph},
  journal={Geophysical Research Letters},
  volume={42},
  number={4},
  pages={1165--1172},
  year={2015},
  publisher={Wiley Online Library}
}

@article{zuidema2017survey,
  title={A Survey of Precipitation-Induced Atmospheric Cold Pools over Oceans and Their Interactions with the Larger-Scale Environment},
  author={Zuidema, Paquita and Torri, Giuseppe and Muller, Caroline and Chandra, Arunchandra},
  journal={Surveys in Geophysics},
  pages={1--23},
  year={2017},
  publisher={Springer}
}

@article{schlemmer2011diurnal,
  title={The diurnal cycle of midlatitude, summertime moist convection over land in an idealized cloud-resolving model},
  author={Schlemmer, Linda},
  year={2011}
}

@article{zuidema2012trade,
  title={On trade wind cumulus cold pools},
  author={Zuidema, Paquita and Li, Zhujun and Hill, Reginald J and Bariteau, Ludovic and Rilling, Bob and Fairall, Chris and Brewer, W Alan and Albrecht, Bruce and Hare, Jeff},
  journal={Journal of the Atmospheric Sciences},
  volume={69},
  number={1},
  pages={258--280},
  year={2012}
}
@article{cronin2015island,
  title={Island precipitation enhancement and the diurnal cycle in radiative-convective equilibrium},
  author={Cronin, Timothy W and Emanuel, Kerry A and Molnar, Peter},
  journal={Quarterly Journal of the Royal Meteorological Society},
  volume={141},
  number={689},
  pages={1017--1034},
  year={2015},
  publisher={Wiley Online Library}
}
@article{srivastava1985simple,
  title={A simple model of evaporatively driven dowadraft: Application to microburst downdraft},
  author={Srivastava, RC},
  journal={Journal of the atmospheric sciences},
  volume={42},
  number={10},
  pages={1004--1023},
  year={1985}
}

@article{dolezel1944saturation,
  title={Saturation and cooling of air layers by evaporation from falling rain},
  author={Dolezel, Edward J},
  journal={Journal of Meteorology},
  volume={1},
  number={3},
  pages={89--97},
  year={1944}
}

@Article{Haerter:2009,
     author    = "Haerter, J. O. and Berg, P.",
     title     = "Unexpected rise in extreme precipitation caused by a shift in rain type?",
     journal   = "Nature Geosci.",
     volume    = "2",
     year      = "2009",
     pages     = "372--373",
     eprint    = "",
     annote    = "",
}

@article{haerterprecipitation,
  title={Precipitation onset as the temporal reference in convective self-organization},
  author={Haerter, Jan O and Berg, Peter and Moseley, Christopher},
  journal={Geophysical Research Letters},
  publisher={Wiley Online Library},
  year="2017"
}

@article{linden2012gravity,
  title={Gravity currents: theory and laboratory experiments},
  author={Linden, PAUL},
  journal={Cambridge University Press, Cambridge, UK},
  pages={13--51},
  year={2012}
}

@article{smagorinsky1963general,
  title={General circulation experiments with the primitive equations: I. The basic experiment},
  author={Smagorinsky, Joseph},
  journal={Monthly weather review},
  volume={91},
  number={3},
  pages={99--164},
  year={1963}
}

@article{atkinson1996mesoscale,
  title={Mesoscale shallow convection in the atmosphere},
  author={Atkinson, BW and Wu Zhang, J},
  journal={Reviews of Geophysics},
  volume={34},
  number={4},
  pages={403--431},
  year={1996},
  publisher={Wiley Online Library}
}
@article{rayleigh1916,
  title={On convection currents in a horizontal layer of fluid, when the higher temperature is on the under side.},
  author={Rayleigh, JWS},
  journal={The London, Edinburgh, and Dublin Philosophical Magazine and Journal of Science},
  volume={32},
  number={192},
  pages={529--546},
  year={1916},
  publisher={Taylor \& Francis}
}
@book{benard1901tourbillons,
  title={Les tourbillons cellulaires dans une nappe liquide propageant de la chaleur par convection: en r{\'e}gime permanent},
  author={B{\'e}nard, Henri},
  year={1901},
  publisher={Gauthier-Villars}
}
@article{agee1973review,
  title={A review of mesoscale cellular convection},
  author={Agee, EM and Chen, TS and Dowell, KE},
  journal={Bulletin of the American Meteorological Society},
  volume={54},
  number={10},
  pages={1004--1012},
  year={1973}
}
@article{neelin2008rethinking,
  title={Rethinking convective quasi-equilibrium: observational constraints for stochastic convective schemes in climate models},
  author={Neelin, JD and Peters, O and Lin, J W-B and Hales, K and Holloway, CE},
  journal={Phil. Trans. of the Roy. Soc. A},
  volume={366},
  number={},
  pages={2581-2604},
  year={2008},
  publisher={}
}
@article{haerter2015statistical,
  title={Statistical precipitation bias correction of gridded model data using point measurements},
  author={Haerter, Jan O and Eggert, Bastian and Moseley, Christopher and Piani, Claudio and Berg, Peter},
  journal={Geophysical Research Letters},
  volume={42},
  number={6},
  pages={1919--1929},
  year={2015},
  publisher={Wiley Online Library}
}
@article{haerter2009parametric,
  title={Parametric uncertainty effects on aerosol radiative forcing},
  author={Haerter, JO and Roeckner, E and Tomassini, L and von Storch, J-S},
  journal={Geophysical Research Letters},
  volume={36},
  number={15},
  year={2009},
  publisher={Wiley Online Library}
}
@Article{Berg:2009,
     author    = "Berg, P. and Haerter, J. O. and Thejll, P. and Piani, C. and Hagemann, S. and Christensen, J. H.",
     title     = "Seasonal characteristics of the relationship between daily precipitation intensity and surface temperature",
     journal   = "J. Geophys. Res.",
     volume    = "114",
     year      = "2009",
     pages     = "D18102",
     note      = "",
     eprint    = "",
     annote    = "",
}

@article{hagemann2011impact,
  title={Impact of a statistical bias correction on the projected hydrological changes obtained from three GCMs and two hydrology models},
  author={Hagemann, Stefan and Chen, Cui and Haerter, Jan O and Heinke, Jens and Gerten, Dieter and Piani, Claudio},
  journal={Journal of Hydrometeorology},
  volume={12},
  number={4},
  pages={556--578},
  year={2011}
}
@article{dai2001global,
  title={Global precipitation and thunderstorm frequencies. Part II: Diurnal variations},
  author={Dai, Aiguo},
  journal={Journal of Climate},
  volume={14},
  number={6},
  pages={1112--1128},
  year={2001}
}
@Article{Ulden:2006,
     author    = "van Ulden, A. P. and van Oldenborgh, G. J.",
     title     = "Large-scale atmospheric circulation biases and changes in global climate model simulations and their importance for climate change in Central Europe",
     journal   = "Atmos. Chem. Phys.",
     volume    = "6",
     year      = "2006",
     pages     = "863-881",
     eprint    = "",
     annote    = "",
}

@Article{Seneviratne:2002,
     author    = "Seneviratne, S. I. and Pal, J. S. and Eltahir, E. A. B. and Schaer, C.",
     title     = "Summer dryness in a warmer climate: a process study with a regional climate model",
     journal   = "Clim. Dyn.",
     volume    = "20",
     year      = "2002",
     pages     = "69-85",
     eprint    = "",
     annote    = "",
}


@article{goke2007radar,
  title={Radar analysis of precipitation initiation in maritime versus continental clouds near the Florida coast: Inferences concerning the role of CCN and giant nuclei},
  author={G{\"o}ke, Sabine and Ochs III, Harry T and Rauber, Robert M},
  journal={Journal of the Atmospheric Sciences},
  volume={64},
  number={10},
  pages={3695--3707},
  year={2007}
}

@Article{Vidale:2007,
     author    = "Vidale, P. L. and Luethi, D. and Wegmann, R. and Schaer, C.",
     title     = "European summer climate variability in a heterogeneous multi-model ensemble",
     journal   = "Climatic Change",
     volume    = "81",
     year      = "2007",
     pages     = "209-232",
     eprint    = "",
     annote    = "",
}

@Article{Christensen:2003,
     author    = "Christensen, J. H. and Christensen, O. B.",
     title     = "Severe summertime flooding in Europe",
     journal   = "Nature",
     volume    = "421",
     year      = "2003",
     pages     = "805-806",
     eprint    = "",
     annote    = "",
}

@Article{Raeisaenen:2004,
     author    = {R\"ais\"anen, J. and Hansson, U. and Ullerstig, A. and Doescher, R. and Graham, L. P. and Jones, C. and Meier, H. E. M. and Samuelsson, P. and Willen, U.},
     title     = "European climate in the late twenty-ﬁrst century: regional simulations with two driving global models and two forcing scenarios",
     journal   = "Clim. Dyn.",
     volume    = "22",
     year      = "2004",
     pages     = "13-31",
     eprint    = "",
     annote    = "",
}

@Article{Frei:2006,
     author    = {Frei, C. and Sch\"oll, R. and Fukutome, S. and Schmidli, J. and Vidale, P. L.},
     title     = "Future change of precipitation extremes in Europe: Intercomparison of scenarios from regional climate models",
     journal   = "J. Geophys. Res.",
     volume    = "111",
     year      = "2006",
     pages     = "1-22",
     eprint    = "",
     annote    = "",
}

@Article{Groisman:2004,
     author    = "Groisman, P. Y., Knight, R. W., Easterling, D. R. and Karl, T. R. and Hegerl G. C. and Razuvaev, V. N.",
     title     = "Trends in Intense Precipitation in the Climate Record",
     journal   = "J. Climate",
     volume    = "18",
     year      = "2004",
     pages     = "1326-1350",
     eprint    = "",
     annote    = "",
}

@Article{Allen:2002,
     author    = "Allen, M. R. and Ingram, W. J.",
     title     = "Constraints on future changes in climate and the hydrologic cycle",
     journal   = "Nature",
     volume    = "419",
     year      = "2002",
     pages     = "224--232",
     eprint    = "",
     annote    = "",
}

@Article{Trenberth:2003,
     author    = "Trenberth, K. E. and Dai, A. and Rasmussen, R. M. and Parsons, D. B.",
     title     = "The changing character of precipitation",
     journal   = "B. Am. Meteorol. Soc.",
     volume    = "",
     year      = "2003",
     pages     = "1,205--1,217",
     eprint    = "",
     annote    = "",
}

@article{hernandez2013minimal,
  title={Minimal models for precipitating turbulent convection},
  author={Hernandez-Duenas, Gerardo and Majda, Andrew J and Smith, Leslie M and Stechmann, Samuel N},
  journal={Journal of Fluid Mechanics},
  volume={717},
  pages={576--611},
  year={2013},
  publisher={Cambridge Univ Press}
}
@Article{Held:2006,
     author    = "Held, I. and B. J. Soden",
     title     = "Robust Responses of the Hydrological Cycle to Global Warming",
     journal   = "J. Climate",
     volume    = "19",
     year      = "2006",
     pages     = "5686",
     eprint    = "",
     annote    = "",
}

@article{held1993radiative,
  title={Radiative-convective equilibrium with explicit two-dimensional moist convection},
  author={Held, Isaac M and Hemler, Richard S and Ramaswamy, V},
  journal={Journal of the atmospheric sciences},
  volume={50},
  number={23},
  pages={3909--3927},
  year={1993}
}
@Article{Webster:2005,
     author    = "Webster, P. J. and Holland, G. J. and Curry, J. A. and Chang, H.-R.",
     title     = "Changes in Tropical Cyclone Number, Duration, and Intensity in a Warming Environment",
     journal   = "Science",
     volume    = "309",
     year      = "2005",
     pages     = "1844-1846",
     eprint    = "",
     annote    = "",
}

@Article{Rowell:2002,
     author    = "Rowell, D. P.",
     title     = "The Impact of Mediterranean SSTs on the Sahelian Rainfall Season",
     journal   = "J. Climate",
     volume    = "16",
     year      = "2002",
     pages     = "849-862",
     eprint    = "",
     annote    = "",
}

@Article{Trenberth:1998,
     author    = "Trenberth, K. E.",
     title     = "Atmospheric Moisture Recycling: Role of Advection and Local Evaporation",
     journal   = "J. Climate",
     volume    = "12",
     year      = "1998",
     pages     = "1368-1381",
     eprint    = "",
     annote    = "",
}

@Article{Kjellstroem:2007,
     author    = "Kjellstroem, E. and Ruosteenoja, K.",
     title     = "Present-day and future precipitation in the Baltic Sea region as simulated in a suite of regional climate models",
     journal   = "Climatic Change",
     volume    = "81",
     year      = "2007",
     pages     = "281-291",
     eprint    = "",
     annote    = "",
}

@Article{Llasat:2001,
     author    = "Llasat, M.-C.",
     title     = "An objective classification of rainfall events on the basis of their convective features: application to rainfall intensity in the northeast of Spain",
     journal   = "Int. J. Climatol.",
     volume    = "21",
     year      = "2001",
     pages     = "1385-1400",
     eprint    = "",
     annote    = "",
}

@Article{Dunkerley:2008a,
     author    = "Dunkerley, D.",
     title     = "Identifying individual rain events from pluviograph records: a review with analysis of data from an Australian dryland site",
     journal   = "Hydrol. Process.",
     volume    = "22",
     year      = "2008",
     pages     = "5,024--5,036",
     eprint    = "",
     annote    = "",
}

@Article{Gastineau:2009,
     author    = "Gastineau, G. and Soden, B. J.",
     title     = "Model projected changes of extreme wind events in response to global warming",
     journal   = "Geophys. Res. Lett.",
     volume    = "36",
     year      = "2009",
     pages     = "1-5",
     eprint    = "",
     annote    = "",
}

@Article{Han:2009,
     author    = "Han, L. and Fu, S. and Zhao, L. and Zheng, Y. and Wang, H. and Lin, Y.",
     title     = "3D Convective Storm Identification, Tracking, and Forecasting –An Enhanced TITAN
Algorithm.",
     journal   = "J. Atmos. Oceanic Technol.",
     volume    = "26",
     year      = "2009",
     pages     = "719--732",
     eprint    = "",
     annote    = "",
}

@Article{Kharin:2007,
     author    = "Kharin, V. V. and Zwiers, F. W. and Zhang, X. and Hegerl, G. C.",
     title     = "Changes in Temperature and Precipitation Extremes in the IPCC Ensemble of Global Coupled Model Simulations",
     journal   = "J. Climate",
     volume    = "20",
     year      = "2007",
     pages     = "1,419--1,444",
     eprint    = "",
     annote    = "",
}

@Article{Kysnarova:2009,
     author    = "Kysnarova, H. and Novak, P.",
     title     = "CELLTRACK -- Convective cell tracking algorithm and its use for deriving life cycle characteristics",
     journal   = "Atmos. Res.",
     volume    = "93",
     year      = "2009",
     pages     = "317--327",
     eprint    = "",
     annote    = "",
}

@Article{Lakshmanan:2009,
     author    = "Lakshmanan, V. and Hondl, K. and Rabin, R",
     title     = "An Efficient, General-Purpose Technique for Identifying Storm Cells in Geospatial Images",
     journal   = "J. Atmos. Oceanic Technol.",
     volume    = "26",
     year      = "2009",
     pages     = "523--537",
     eprint    = "",
     annote    = "",
}

@Article{Peleg:2012,
     author    = "Peleg, N. and Morin, E",
     title     = "Convective rain cells: Radar-derived spatiotemporal characteristics and synoptic patterns over the eastern Mediterranean",
     journal   = "J. Geophys. Res.",
     volume    = "117",
     year      = "2012",
     pages     = "D15116",
     eprint    = "",
     annote    = "",
}

@Article{Rigo:2010,
     author    = "Rigo, T. and Pineda, N. and Bech, J.",
     title     = "Analysis of warm season thunderstorms using an object-oriented tracking method based on radar and total lightning data",
     journal   = "Nat. Hazards Earth Syst. Sci.",
     volume    = "10",
     year      = "2012",
     pages     = "1881--1893",
     eprint    = "",
     annote    = "",
}

@Article{Johnson:1998,
     author    = "Johnson, J.T. and MacKeen, P.L. and Witt, A. and DeWayne, M. and Stumpf, G.J. and Eilts, M.D. and Thomas, K.W.",
     title     = "The Storm Cell Identification and Tracking Algorithm: An Enhanced WSR-88D Algorithm",
     journal   = "Weather and Forecasting",
     volume    = "13",
     year      = "1998",
     pages     = "263--276",
     eprint    = "",
     annote    = "",
}

@Article{Peters:2002,
     author    = "Peters, O. and Christensen, K.",
     title     = "Rain: Relaxations in the sky",
     journal   = "Phys. Rev. E",
     volume    = "66",
     year      = "2002",
     pages     = {{036}{120}},
     eprint    = "",
     annote    = "",
}


@Article{Dickman:2003,
     author    = "Dickman, R.",
     title     = "Rain, Power Laws, and Advection",
     journal   = "Phys. Rev. Lett.",
     volume    = "90",
     year      = "2003",
     pages     = "108701-1 - 108701-4",
     eprint    = "",
     annote    = "",
}


@Article{Tsubo:2005,
     author    = "Tsubo, M. and Walker S. and Hensley M.",
     title     = "Quantifying risk for water harvesting under semi-arid conditions Part I. Rainfall intensity generation",
     journal   = "Agr. Water Manage.",
     volume    = "76",
     year      = "2005",
     pages     = "77-93",
     eprint    = "",
     annote    = "",
}

@Article{Peters:2002a,
     author    = "Peters, O. and Hertlein, C. and Christensen, K.",
     title     = "A Complexity View of Rainfall",
     journal   = "Phys. Rev. Lett.",
     volume    = "88",
     year      = "2002",
     pages     = {{018}{701}},
     eprint    = "",
     annote    = "",
}

@Article{Peters:2006,
     author    = "Peters, O. and Neelin, J. D.",
     title     = "Critical phenomena in atmospheric precipitation",
     journal   = "Nat. Phys.",
     volume    = "2",
     year      = "2006",
     pages     = {{293}{296}},
     eprint    = "",
     annote    = "",
}


@Article{Garcia-Marin:2008,
     author    = "Garcia-Marin, A. P. and Jimenez-Hornero, F. J. and Ayuso-Munoz, J. L.",
     title     = "Multifractal analysis as a tool for validating a rainfall model",
     journal   = "Hydrol. Process.",
     volume    = "22",
     year      = "2008",
     pages     = "2672-2688",
     eprint    = "",
     annote    = "",
}

@Article{Hurst:1958,
     author    = "Hurst, H. E.",
     title     = "A Suggested Statistical Model of some Time Series which occur in Nature",
     journal   = "Nature",
     volume    = "180",
     year      = "1957",
     pages     = "494",
     eprint    = "",
     annote    = "",
}

@Article{Montero-Martinez:2009,
     author    = "Montero-Martinez, G. and Kostinski A. B. and Shaw, R. A. and Garcia-Garcia, F.",
     title     = "Do all raindrops fall at terminal speed?",
     journal   = "Geophys. Res. Lett.",
     volume    = "36",
     year      = "2009",
     pages     = "1-4",
     eprint    = "",
     annote    = "",
}


@Article{Schmitt:1998,
     author    = "Schmitt, F. and Vannitsem, S. and Barbosa, A.",
     title     = "Modeling of rainfall time series using two-state renewal processes and multifractals",
     journal   = "J. Geophys. Res.",
     volume    = "103",
     year      = "1998",
     pages     = {{23}{181}-{23}{193}},
     eprint    = "",
     annote    = "",
}
@Article{Marani:2005,
     author    = "Marani, M.",
     title     = "Non-power-law-scale properties of rainfall in space and time",
     journal   = "Water Resour. Res.",
     volume    = "41",
     year      = "2005",
     pages     = "1-10",
     eprint    = "",
     annote    = "",
}
@Article{Chen:2008,
     author    = "Chen, H. and Zhou, T. and Yu, R. and Li, J.",
     title     = "Summer rain fall duration and its diurnal cycle over the US Great Plains",
     journal   = "Int. J. Climatol.",
     volume    = "",
     year      = "2008",
     pages     = "",
     eprint    = "",
     annote    = "",
}
@Article{Chen:2012,
     author    = "Chen, G. and Xue, H. and Zhang, W. and Zhou, X.",
     title     = "The three-dimensional structure of precipitating shallow cumuli. Part one: The kinematics",
     journal   = "Atmospheric Research",
     volume    = "112",
     year      = "2012",
     pages     = "70-78",
     eprint    = "",
     annote    = "",
}
@Article{Dai:2007,
     author    = "Dai, A. and Lin, X. and Hsu, K.-L.",
     title     = "The frequency, intensity, and diurnal cycle of precipitation in surface and satellite observations over low- and mid-latitudes",
     journal   = "Clim. Dyn.",
     volume    = "29",
     year      = "2007",
     pages     = "727-744",
     eprint    = "",
     annote    = "",
}
@Article{Morales:2009,
     author    = "Morales, J. E. and Poveda, G.",
     title     = "Diurnally driven scaling properties of Amazonian rainfall fields: Fourier spectra and order-q statistical moments",
     journal   = "J. Geophys. Res.",
     volume    = "114",
     year      = "2009",
     pages     = "1-10",
     eprint    = "",
     annote    = "",
}

@Article{Paulat:2008,
     author    = "Paulat, M. and Frei, C. and Hagen, M. and Wernli, H.",
     title     = "A gridded dataset of hourly precipitation in Germany: Its construction, climatology and application",
     journal   = "Meteorol. Z.",
     volume    = "17",
     year      = "2008",
     pages     = "719-732",
     eprint    = "",
     annote    = "",
}
@Misc{Gorman:2009,
     author    = "{O'Gorman}, P. and Schneider, T.",
     title     = "{Scaling of precipitation extremes over a wide range of climates simulated with an idealized GCM}",
     note      = "submitted to Journal of Climate",
     volume    = "",
     year      = "2009",
     pages     = "",
     eprint    = "",
     annote    = "",
}
@Article{Pall:2007,
     author    = "Pall, P. and Allen, M. R. and Stone, D. A.",
     title     = {Testing the {C}lausius-{C}lapeyron constraint on changes in extreme precipitation under ${C}{O}_2$ warming},
     journal   = "Climate Dynamics",
     volume    = "28",
     year      = "2007",
     pages     = "351-363",
     eprint    = "",
     annote    = "",
}

@Article{Emory:2005,
     author    = "Emory, S. and Brown, S. J.",
     title     = "Dynamic and thermodynamic changes in mean and extreme precipitation under changed climate",
     journal   = "Geophysical Research Letters",
     volume    = "32",
     year      = "2005",
     pages     = {{L17}{706}},
     eprint    = "",
     annote    = "",
}

@Article{Allan:2008,
     author    = "Allan, R. P. and Soden, B. J.",
     title     = "Atmospheric Warming and the Amplification of Precipitation Extremes",
     journal   = "Science",
     volume    = "321",
     year      = "2008",
     pages     = "1,481--1,484",
     eprint    = "",
     annote    = "",
}


@Article{Wilson:2005,
     author    = "Wilson, P. S. and R. Toumi",
     title     = "A fundamental probability distribution for heavy rainfall",
     journal   = "Geophysical Research Letters",
     volume    = "32",
     year      = "2005",
     pages     = {{L14}{812}},
     eprint    = "",
     annote    = "",
}



@Article{Wilks:2006,
     author    = "Wilks, D.",
     title     = "Statistical Methods in the Atmospheric Sciences",
     journal   = "Elsevier, Oxford, U.K.",
     volume    = "2",
     year      = "2006",
     pages     = "",
     eprint    = "",
     annote    = "",
}



@Article{Vrac:2007,
     author    = "Vrac, M. and M. Stein and K. Haydoe",
     title     = "Statistical downscaling of precipitation through a nonhomogeneous stochastic weather typing approach",
     journal   = "Clim. Res.",
     volume    = "22",
     year      = "2007",
     pages     = "in press",
     eprint    = "",
     annote    = "",
}



@Article{Bellone:2000,
     author    = "Bellone, E. and J. P. Hughes and J. P. Guttorp",
     title     = "A hidden markov model for downscaling synoptic atmospheric patterns to precipitation amounts",
     journal   = "Clim. Res.",
     volume    = "15",
     year      = "2000",
     pages     = "1-12",
     eprint    = "",
     annote    = "",
}



@Article{Katz:2002,
     author    = "Katz, R. and M. B. Parlange and P. Naveau",
     title     = "Statistics of extremes in hydrology",
     journal   = "Adv. Water Resour.",
     volume    = "25",
     year      = "2002",
     pages     = "1287-1304",
     eprint    = "",
     annote    = "",
}



@Article{Vrac:2007a,
     author    = "Vrac, M and P. Naveau",
     title     = "Stochastic downscaling of precipitation: From dry events to heavy rainfall",
     journal   = "Water Res. Research",
     volume    = "43",
     year      = "2007",
     pages     = {{W07}{402}},
     eprint    = "",
     annote    = "",
}




@MISC{Haerter:tbp,
   author = "Haerter, J. O. and P. Berg",
   note = "to be published elsewhere"
}



@BOOK{IPCC,
   author = "Solomon, S. and  D. Qin and M. Manning and Z. Chen and M. Marquis and K.B. Averyt and M. Tignor and H.L. Miller (eds.)",
   publisher = "Cambridge University Press, Cambridge, United Kingdom and New York, NY, USA, 996 pp.",
   title = "Climate Change 2007: The Physical Science Basis. Contr. of WG I to the 4th AR of the IPCC",
   series = "",
   year = "2007",
   note = "",
}


@Article{Deidda:1999,
     author    = "Deidda, R. and R. Benzi and F. Siccardi",
     title     = "Multifractal modeling of anomalous scaling laws in rainfall",
     journal   = "Water Res. Research",
     volume    = "35",
     year      = "1999",
     pages     = "1853-1867",
     eprint    = "",
     annote    = "",
}


@Article{Veneziano:2006,
     author    = "Veneziano, D. and A. Langousis and P. Furcolo",
     title     = "Multifractality and rainfall extremes: A review",
     journal   = "Water Res. Research",
     volume    = "42",
     year      = "2006",
     pages     = "W06D15",
     eprint    = "",
     annote    = "",
}



@Article{Dai:1999,
     author    = "Dai, A. and F. Giorgi and K. E. Trenberth",
     title     = "Observed and model-simulated diurnal cycles of precipitation over the contiguous United States",
     journal   = "J. Geophys. Res.",
     volume    = "104",
     year      = "1999",
     pages     = "6,377-6,402",
     eprint    = "",
     annote    = "",
}

@Article{Boberg:2006,
     author    = "Boberg, F. and P. Berg and P. Thejll and W. J. Gutowski and J. H. Christensen",
     title     = "Improved confidence in climate change projections of precipitation evaluated using daily statistics from the {P}{R}{U}{D}{E}{N}{C}{E} ensemble",
     journal   = "Clim. Dyn.",
     year      = "2008",
     doi       = "10.1007/s00382-008-0446-y",
     pages     = "1097-1106",
     volume      = "32",
     eprint    = "",
     annote    = "",
}


@Article{Weusthoff:2008,
     author    = "Weusthoff, T. and T. Hauf",
     title     = "Basic characteristics of post-frontal shower precipitation rates",
     journal   = "Meteorol. Z.",
     year      = "2008",
     doi       = "10.1127/0941-2948/2008/0335",
     pages     = "793-805",
     volume      = "17",
     eprint    = "",
     annote    = "",
}



@Article{Rebora:2006,
     author    = "Rebora, N. and L. Ferraris",
     title     = "The structure of convective rain cells at mid-latitudes",
     journal   = "Adv. in Geosc.",
     year      = "2006",
     doi       = "",
     pages     = "31-35",
     volume      = "7",
     eprint    = "",
     annote    = "",
}


@Article{Mesnard:2003,
     author    = "Mesnard, F. and H. Sauvageot",
     title     = "Structural characteristics of rain fields",
     journal   = "J. Geophys. Res.",
     year      = "2003",
     doi       = "",
     pages     = "4385",
     volume      = "108",
     eprint    = "",
     annote    = "",
}


@Article{Sauvageot:1999,
     author    = "Sauvageot, H. and F. Mesnard",
     title     = "The Relation between the Area-Average Rain Rate and the Rain Cell Size Distribution Parameters",
     journal   = "JAS",
     year      = "1999",
     doi       = "",
     pages     = "57",
     volume      = "",
     eprint    = "",
     annote    = "",
}


@Article{Jeannin:2008,
     author    = "Jeannin, N. and L. Feral and H. Sauvageot and L. Castanet and J. Lemorton",
     title     = "Statistical distribution of the fractional area affected by rain",
     journal   = "J. Geophys. Res.",
     year      = "2008",
     doi       = "10.1029/2008JD009780",
     pages     = "D21120",
     volume      = "113",
     eprint    = "",
     annote    = "",
}


@Article{Laurent:2002,
     author    = "Laurent, H. and L. A. T. Machado and C. A. Morales and L. Durieux",
     title     = "Characteristics of the Amazonian mesoscale convective systems observed from satellite and radar during the WETAMC/LBA experiment",
     journal   = "J. Geophys. Res.",
     year      = "2002",
     doi       = "10.1029/2001JD000337",
     pages     = "8054",
     volume      = "107",
     eprint    = "",
     annote    = "",
}



@Article{Feral:2006,
     author    = "Feral, L. and H. Sauvageot and L. Castanet and J. Lemorton and F. Cornet and K. Leconte",
     title     = "Large-scale modeling of rain fields from a rain cell deterministic model",
     journal   = "Radio Science",
     year      = "2006",
     doi       = "10.1029/2005RS003312",
     pages     = "RS2010",
     volume      = "41",
     eprint    = "",
     annote    = "",
}



@Article{Barnolas:2009,
     author    = "Barnolas, M. and T. Rigo and M. C. Llasat",
     title     = "Characteristics of 2-D convective structures in Catalonia (NE Spain): an analysis using radar data and GIS",
     journal   = "Hydrol. Earth Syst. Sci. Discuss.",
     year      = "2009",
     doi       = "",
     pages     = "4705-4736",
     volume      = "6",
     eprint    = "",
     annote    = "",
}




@Article{May:2007,
     author    = "May, P. T. and A. Balliger",
     title     = "The Statistical Characteristics of Convective Cells in a Monsoon Regime (Darwin, Northern Australia)",
     journal   = "Monthly Weather Review",
     year      = "2007",
     doi       = "10.1175/MWR3273.1",
     pages     = "82",
     volume      = "135",
     eprint    = "",
     annote    = "",
}


@article{emanuel2014radiative,
  title={Radiative-convective instability},
  author={Emanuel, Kerry and Wing, Allison A and Vincent, Emmanuel M},
  journal={Journal of Advances in Modeling Earth Systems},
  volume={6},
  number={1},
  pages={75--90},
  year={2014},
  publisher={Wiley Online Library}
}
@Article{Haerter:2010,
     author    = "Haerter, J. O. and P. Berg and S. Hagemann",
     title     = "Heavy rain intensity distributions on varying timescales and at different temperatures",
     journal   = "J. Geophys. Res.",
     year      = "2010",
     doi       = "10.1029/2009JD013384",
     pages     = "7 pp.",
     volume    = "115",
     eprint    = "",
     annote    = "",
}



@Article{Batton:1973,
     author    = "Batton, L. J.",
     title     = "Radar observations of the atmosphere",
     journal   = "The University of Chicago Press",
     year      = "1973",
     doi       = "",
     pages     = "324 pp.",
     volume      = "",
     eprint    = "",
     annote    = "",
}



@Article{Lovejoy:2006,
     author    = "Lovejoy, S. and D. Schertzer",
     title     = "Multifractals, cloud radiances and rain",
     journal   = "Journal of Hydrology",
     year      = "2006",
     doi       = "10.1016/j.jhydrol.2005.02.042",
     pages     = "59-88",
     volume      = "322",
     eprint    = "",
     annote    = "",
}


@Article{Hahn:1999,
     author    = "Hahn, C.J. and S.G. Warren",
     title     = "Extended edited synoptic cloud reports from ships and land stations over the globe",
     year      = "1999",
     doi       = "10.3334/CDIAC/cli.ndp026c",
}



@Article{Neggers:2003,
     author    = "Neggers, R.A.J. and H.J.J. Jonker and A.P. Siebesma",
     title     = "Size Statistics of Cumulus Cloud Populations in Large-Eddy Simulations",
     journal   = "Journal of the Atmospheric Sciences",
     year      = "2003",
     doi       = "",
     pages     = "1060",
     volume      = "60",
     eprint    = "",
     annote    = "",
}



@Article{Gryschka:2008,
     author    = "Gryschka, M. and B. Witha and D. Etling",
     title     = "Scale analysis of convective clouds",
     journal   = "Met. Zeitschrift",
     year      = "2008",
     doi       = "10.1127/0941-2948/2008/0345",
     pages     = "785",
     volume      = "17",
     eprint    = "",
     annote    = "",
}




@Article{Rodts:2003,
     author    = "Rodts, S.M.A. and P.G. Duynkerke and H.J.J. Jonker",
     title     = "Size distributions and dynamical properties of shallow cumulus clouds from aircraft observations and satellite data",
     journal   = "J. Atmos. Sci.",
     year      = "2003",
     doi       = "",
     pages     = "1895",
     volume      = "60",
     eprint    = "",
     annote    = "",
}




@Article{Benner:1998,
     author    = "Benner, T.C. and J.A. Curry",
     title     = "Characteristics of small tropical cumulus clouds and their impact on the environment",
     journal   = "J. Geophys. Res.",
     year      = "1998",
     doi       = "",
     pages     = "767",
     volume      = "103",
     eprint    = "",
     annote    = "",
}


@Article{Kuo:1993,
     author    = "Kuo, K.-S. and R. M. Welch and R.C. Weger and M. A. Engelstad and S. K. Sengupta",
     title     = "The three-dimensional structure of cumulus clouds over the ocean. I. Structural analysis.",
     journal   = "J. Geophys. Res.",
     year      = "1993",
     doi       = "",
     pages     = "711",
     volume      = "98",
     eprint    = "",
     annote    = "",
}


@article{kuo1965formation,
  title={On formation and intensification of tropical cyclones through latent heat release by cumulus convection},
  author={Kuo, Hsiao-Lan},
  journal={Journal of the Atmospheric Sciences},
  volume={22},
  number={1},
  pages={40--63},
  year={1965}
}
@article{lazo2011us,
  title={US economic sensitivity to weather variability},
  author={Lazo, Jeffrey Karl and Lawson, Megan and Larsen, Peter H and Waldman, Donald M},
  journal={Bulletin of the American Meteorological Society},
  pages={709},
  year={2011}
}
@Article{Cahalan:1989,
     author    = "Cahalan, R. F. and J.H. Joseph",
     title     = "Fractal statistics of cloud fields",
     journal   = "Mon. Wea. Rev.",
     year      = "1989",
     doi       = "",
     pages     = "261",
     volume      = "117",
     eprint    = "",
     annote    = "",
}



@Article{Hardenberg:2003,
     author    = "von Hardenberg, J. and L. Ferraris and A. Provenzale",
     title     = "The shape of convective rain cells",
     journal   = "Geophys. Res. Lett.",
     year      = "2003",
     doi       = "",
     pages     = "2280",
     volume      = "30",
     eprint    = "",
     annote    = "",
}




@Article{Jones:2010,
     author    = "{Hardwick Jones}, R. and S. Westra and A. Sharma",
     title     = "Observed Relationship between extreme sub-daily precipitation, surface temperature and relative humidity",
     journal   = "Geophys. Res. Lett.",
     year      = "2010",
     doi       = "10.1029/2010GL045081",
     volume      = "37",
     pages     = "5 pp.",
     eprint    = "",
     annote    = "",
}



@Article{Crewell:2008,
     author    = "Crewell, S. and others",
     title     = "{The general observation period 2007 within the priority program on quantitative precipitation forecasting: Concept and first results}",
     journal   = "Meteorol. Z.",
     year      = "2008",
     doi       = "10.1127/0941-2948/2008/0336",
     pages     = "849-866",
     volume      = "17",
     eprint    = "",
     annote    = "",
}

@Article{Rosenfeld:2003,
     author    = "Rosenfeld, D. and D. B. Wolff and D. Atlas",
     title     = "General Probability-matched Relations between Radar Reflectivity and Rain Rate",
     journal   = "Journ. of Appl. Met.",
     year      = "1993",
     doi       = "",
     pages     = "50-72",
     volume      = "32",
     eprint    = "",
     annote    = "",
}

@Article{Rosenfeld:1987,
     author    = "Rosenfeld, D.",
     title     = "Objective Method for Analysis and Tracking of Convective Cells as Seen by Radar",
     journal   = "J. Atmos. Oceanic Technol.",
     year      = "1987",
     doi       = "",
     pages     = "422--434",
     volume      = "4",
     eprint    = "",
     annote    = "",
}

@Article{Wilson:1998,
     author    = "Wilson, J.W. and Crook, N.A. and Mueller, C.K. and Sun, J. and Dixon, M.",
     title     = "Nowcasting Thunderstorms: A Status Report",
     journal   = "B. Am. Meteorol. Soc.",
     year      = "1998",
     doi       = "",
     pages     = "2079--2099",
     volume      = "79",
     eprint    = "",
     annote    = "",
}

@Article{Hering:2005,
     author    = "Hering, A. and Senesi, S. and Ambrosetti, P. and Bernard-Bouissieres, I.",
     title     = "Nowcasting thunderstorms in complex cases using radar data.",
     journal   = "WWRP Symbosium on Nowcasting and Very Short Range Forecasting, September 5th
- 9th 2005, Toulouse",
     year      = "2005",
     doi       = "",
     pages     = "",
     volume      = "2.14",
     eprint    = "",
     annote    = "",
}

@Article{Taylor:1938,
     author    = "Taylor, G.I.",
     title     = "The Spectrum of Turbulence",
     journal   = "Proc. Roy. Soc. A",
     year      = "1938",
     doi       = "",
     pages     = "476--490",
     volume      = "164",
     eprint    = "",
     annote    = "",
}

@Article{Berg:2011,
     author    = "Berg, P. and J. Haerter",
     title     = "Unexpected increase in precipitation intensity with temperature -- A result of mixing of precipitation types?",
     journal   = "Atm. Res.",
     year      = "2011",
     doi       = "10.1016/j.atmosres.2011.05.012",
     pages     = "1-6",
     volume      = "",
     eprint    = "",
     annote    = "",
}

@Article{DWD:2008,
     author    = "DWD",
     title     = "Radarverbund",
     journal   = "",
     year      = "",
     doi       = "",
     pages     = "",
     volume      = "",
     eprint    = "",
     annote    = "",
}

@Article{Utsumi:2011,
     author    = "N Utsumi and S Seto and S Kanae and E E Maeda and T Oki",
     title     = "Does higher surface temperature intensify extreme precipitation?",
     journal   = "Geophys. Res. Lett.",
     year      = "2011",
     doi       = "10.1029/2011GL048426",
     pages     = "5 pp.",
     volume      = "38",
     eprint    = "",
     annote    = "",
}


@Article{Coumou:2012,
     author    = "Coumou, D. and S. Rahmstorf",
     title     = "A decade of weather extremes",
     journal   = "Nature Clim. Change",
     year      = "2012",
     doi       = "10.1038/NCLIMATE1452",
     pages     = "1-6",
     volume      = "",
     eprint    = "",
     annote    = "",
}


@Article{Dixon:1993,
     author    = "Dixon, M. and Wiener, G",
     title     = "TITAN: Thunderstorm Identification, Tracking, Analsyis, and Nowcasting – A Radar-based Methodology",
     journal   = "J. Atmos. Oceanic Technol.",
     year      = "1993",
     pages     = "785-797",
     volume      = "1993",
     eprint    = "",
     annote    = "",
}

@Article{Feng:2012,
     author    = "Feng, Z. and Dong, X. and Xi, B. and McFarlane S. A. and Kennedy, A. and Lin, B. and Minnis, P.",
     title     = "Life cycle of midlatitude deep convective systems in a Lagrangian framework",
     journal   = "J. Geophys. Res.",
     year      = "2012",
     pages     = "D23201",
     volume      = "2012",
     eprint    = "",
     annote    = "",
}

@Article{Handwerker:2002,
     author    = "Handwerker, J.",
     title     = "Cell tracking with TRACE3D a new algorithm",
     journal   = "J. Geophys. Res.",
     year      = "2012",
     pages     = "D23201",
     volume      = "2012",
     eprint    = "",
     annote    = "",
}


@article{yeo2013measurement,
  title={Measurement of convective entrainment using Lagrangian particles},
  author={Yeo, Kyongmin and Romps, David M},
  journal={Journal of the Atmospheric Sciences},
  volume={70},
  number={1},
  pages={266--277},
  year={2013}
}

@article{lin1983bulk,
  title={Bulk parameterization of the snow field in a cloud model},
  author={Lin, Yuh-Lang and Farley, Richard D and Orville, Harold D},
  journal={Journal of Climate and Applied Meteorology},
  volume={22},
  number={6},
  pages={1065--1092},
  year={1983}
}

@article{bao2017future,
  title={Future increases in extreme precipitation exceed observed scaling rates},
  author={Bao, Jiawei and Sherwood, Steven C and Alexander, Lisa V and Evans, Jason P},
  journal={Nature Climate Change},
  year={2017},
  publisher={Nature Research}
}

@article{sommeria1976three,
  title={Three-dimensional simulation of turbulent processes in an undisturbed trade wind boundary layer},
  author={Sommeria, Gilles},
  journal={Journal of the Atmospheric Sciences},
  volume={33},
  number={2},
  pages={216--241},
  year={1976}
}


@book{stocker2014climate,
  title={Climate change 2013: the physical science basis: Working Group I contribution to the Fifth assessment report of the Intergovernmental Panel on Climate Change},
  author={Stocker, Thomas},
  year={2014},
  publisher={Cambridge University Press}
}

@Article{Lenderink:2011,
     author    = "Lenderink, G. and H. Y. Mok and T. C. Lee and G. J. van Oldenborgh",
     title     = "{Scaling and trends of hourly precipitation extremes in two different climate zones -- Hong Kong and the Netherlands}",
     journal   = "Hydrol. Earth Syst. Sci.",
     year      = "2011",
     doi       = "10.5194/hess-15-3033-2011",
     pages     = "3,033-3,041",
     volume      = "15",
     eprint    = "",
     annote    = "",
}


@Article{Muller:2011,
     author    = "Muller, C. J. and P. A. {O'Gorman} and L. E. Back",
     title     = "Intensification of precipitation extremes with warming in
a cloud-resolving model.",
     journal   = "Journal of Climate",
     year      = "2011",
     doi       = "10.1175/2011JCLI3876.1",
     pages     = "2,784-2,800",
     volume      = "24",
     eprint    = "",
     annote    = "",
}


@Article{Romps:2011,
     author    = "Romps, D. M.",
     title     = "Response of Tropical Precipitation to Global Warming",
     journal   = "J. Atm. Sci.",
     year      = "2011",
     doi       = "10.1175/2010JAS3542.1",
     pages     = "123-138",
     volume      = "68",
     eprint    = "",
     annote    = "",
}


@Article{OGorman:2009,
     author    = "{O'Gorman}, P. A. and T. Schneider",
     title     = "{Scaling of precipitation extremes over a wide range of climates simulated with an idealized GCM}",
     journal   = "J. Climate",
     year      = "2009",
     doi       = "",
     pages     = "5,676-5,685",
     volume      = "22",
     eprint    = "",
     annote    = "",
}




@article{singleton2013super,
  title={Super-{C}lausius--{C}lapeyron scaling of rainfall in a model squall line},
  author={Singleton, Andrew and Toumi, Ralf},
  journal={Quarterly Journal of the Royal Meteorological Society},
  volume={139},
  number={671},
  pages={334--339},
  year={2013},
  publisher={Wiley Online Library}
}



@Article{Wilcox:2007,
     author    = "Wilcox, E. M. and L. J. Donner",
     title     = "The frequency of extreme rain events in satellite rain-rate estimates and an atmospheric general circulation model.",
     journal   = "J. Climate",
     year      = "2007",
     doi       = "",
     pages     = "53-69",
     volume      = "20",
     eprint    = "",
     annote    = "",
}




@Article{Fabry:1992,
     author    = "Fabry, F. and G.-L. Austin and D. Tees",
     title     = "The accuracy of rainfall estimates by radar as a function of range.",
     journal   = "Q. J. Roy. Meteor. Soc.",
     year      = "1992",
     doi       = "",
     pages     = "435-453",
     volume      = "118",
     eprint    = "",
     annote    = "",
}


@Article{Haylock:2008,
     author    = "Haylock, M. R. and others",
     title     = "{A European daily high-resolution gridded data set of surface temperature and precipitation for 1950} -- {2006}",
     journal   = "J. Geophys. Res.",
     year      = "2008",
     doi       = "10.1029/2008JD010201",
     pages     = "1-12",
     volume      = "113",
     eprint    = "",
     annote    = "",
}


@Article{Liu:2009,
     author    = "Liu, S. C. and others",
     title     = "Temperature dependence of global precipitation extremes.",
     journal   = "Geophys. Res. Lett.",
     year      = "2009",
     doi       = "10.1029/2009GL040218",
     pages     = "L17702",
     volume      = "36",
     eprint    = "",
     annote    = "",
}


@Article{Dunkerley:2008,
     author    = "Dunkerley, D.",
     title     = "Rain event properties in nature and in rainfall simulation
experiments: a comparative review with recommendations for
increasingly systematic study and reporting",
     journal   = "Hydrological Processes",
     year      = "2008",
     doi       = "10.1002/hyp.7045",
     pages     = "4415-4435",
     volume      = "22",
     eprint    = "",
     annote    = "",
}


@Article{Steiner:2004,
     author    = "Steiner, M. and J. A. Smith and R. Uijlenhoet",
     title     = "{A Microphysical Interpretation of Radar Reflectivity-Rain Rate Relationships}",
     journal   = "J. Atmos. Sci.",
     year      = "2004",
     doi       = "",
     pages     = "1,114-1,131",
     volume      = "61",
     eprint    = "",
     annote    = "",
}



@Article{Steiner:1995,
     author    = "Steiner, M. and R. A. {Houze Jr.} and S. E. Yuter",
     title     = "Climatological Characterization of Three-Dimensional Storm Structure from Operational Radar and Rain Gauge Data",
     journal   = "J. Appl. Met.",
     year      = "1995",
     doi       = "",
     pages     = "1,978--2,007",
     volume      = "34",
     eprint    = "",
     annote    = "",
}



@Article{Sieck:2007,
     author    = "Sieck, L. C. and S. J. Burges and M. Steiner",
     title     = "Challenges in obtaining reliable measurements of point rainfall",
     journal   = "Water Resources Research",
     year      = "2007",
     doi       = "10.1029/2005WR004519",
     pages     = "W01420",
     volume      = "43",
     eprint    = "",
     annote    = "",
}


@Article{Nystuen:1999,
     author    = "Nystuen, J. A.",
     title     = "Relative Performance of Automatic Rain Gauges under Different Rainfall Conditions",
     journal   = "Journ. of Atm. and Oceanic Techn.",
     year      = "1999",
     doi       = "",
     pages     = "1025-1043",
     volume      = "16",
     eprint    = "",
     annote    = "",
}


@Article{OGorman:2009a,
     author    = " {O'Gorman}, {P. A.} and T. Schneider",
     title     = "The physical basis for increases in precipitation extremes in simulations of 21st-century climate change.",
     journal   = "Proc. Natl. Acad. Sci. USA",
     year      = "2009",
     doi       = "",
     pages     = "14,773--14,777",
     volume    = "106",
     eprint    = "",
     annote    = "",
}



@article{Koren2011,
abstract = {We show that the aerosol-cloud-precipitation system exhibits characteristics of the predator-prey problem in the field of population dynamics. Both a detailed large eddy simulation of the dynamics and microphysics of a precipitating shallow boundary layer cloud system and a simpler model built upon basic physical principles, reproduce predator-prey behavior with rain acting as the predator and cloud as the prey. The aerosol is shown to modulate the predator-prey response. Steady-state solution to the proposed model shows the known existence of bistability in cloudiness. Three regimes are identified in the time-dependent solutions: (i) the weakly precipitating regime where cloud and rain coexist in a quasi steady state; (ii) the moderately drizzling regime where limit-cycle behavior in the cloud and rain fields is produced; and (iii) the heavily precipitating clouds where collapse of the boundary layer is predicted. The manifestation of predator-prey behavior in the aerosol-cloud-precipitation 
system is a further example of the self-organizing properties of the system and suggests that exploiting principles of population dynamics may help reduce complex aerosol-cloud-rain interactions to a more tractable problem.},
author = {Koren, Ilan and Feingold, Graham},
doi = {10.1073/pnas.1101777108},
file = {:C$\backslash$:/Users/janosch/Desktop/shared\_Windows\_Ubuntu/papers/climate/feingold\_2011\_Prey-predatorAnalogy\_rain.pdf:pdf},
issn = {1091-6490},
journal = {Proc. Natl. Acad. Sci. USA},
month = jul,
number = {30},
pages = {12227--32},
pmid = {21742979},
title = {{Aerosol-cloud-precipitation system as a predator-prey problem.}},
volume = {108},
year = {2011}
}
@book{goldenfeld2018lectures,
  title={Lectures on phase transitions and the renormalization group},
  author={Goldenfeld, Nigel},
  year={2018},
  publisher={CRC Press}
}

@article{Feingold2010,
abstract = {Cloud fields adopt many different patterns that can have a profound effect on the amount of sunlight reflected back to space, with important implications for the Earth's climate. These cloud patterns can be observed in satellite images of the Earth and often exhibit distinct cell-like structures associated with organized convection at scales of tens of kilometres. Recent evidence has shown that atmospheric aerosol particles-through their influence on precipitation formation-help to determine whether cloud fields take on closed (more reflective) or open (less reflective) cellular patterns. The physical mechanisms controlling the formation and evolution of these cells, however, are still poorly understood, limiting our ability to simulate realistically the effects of clouds on global reflectance. Here we use satellite imagery and numerical models to show how precipitating clouds produce an open cellular cloud pattern that oscillates between different, weakly stable states. The oscillations are a 
result of precipitation causing downward motion and outflow from clouds that were previously positively buoyant. The evaporating precipitation drives air down to the Earth's surface, where it diverges and collides with the outflows of neighbouring precipitating cells. These colliding outflows form surface convergence zones and new cloud formation. In turn, the newly formed clouds produce precipitation and new colliding outflow patterns that are displaced from the previous ones. As successive cycles of this kind unfold, convergence zones alternate with divergence zones and new cloud patterns emerge to replace old ones. The result is an oscillating, self-organized system with a characteristic cell size and precipitation frequency.},
author = {Feingold, Graham and Koren, Ilan and Wang, Hailong and Xue, Huiwen and Brewer, Wm Alan},
doi = {10.1038/nature09314},
issn = {1476-4687},
journal = {Nature},
month = aug,
number = {7308},
pages = {849--852},
pmid = {20703303},
publisher = {Nature Publishing Group},
title = {{Precipitation-generated oscillations in open cellular cloud fields.}},
volume = {466},
year = {2010}
}
@article{Liu2012,
author = {Liu, Chunlei and Allan, Richard P.},
doi = {10.1029/2011JD016568},
issn = {0148-0227},
journal = {J. Geophys. Res.},
month = feb,
number = {D3},
pages = {16 pp.},
title = {Multisatellite observed responses of precipitation and its extremes to interannual climate variability},
volume = {117},
year = {2012}
}
@article{Zepeda2000space,
author = {Zepeda-Arce, Jesus and Foufoula-Georgiou, Eft and Droegemeier, Kelvin K},
title = {{Space-time rainfall organization and its role in validating quantitative precipitation forecasts}},
volume = {105},
number = {D8},
year = {2000},
pages = {10,129--10,146},
journal = {J. Geophys. Res.}
}

@article{houze1997stratiform,
   title={Stratiform precipitation in regions of convection: A meteorological paradox?},
   author={Houze Jr, R.A.},
   journal={B. Am. Meteorol. Soc.},
   volume={78},
   number={10},
   pages={2,179--2,226},
   year={1997},
   publisher={[Lancaster, Pa., etc., American Meteorological Society]}
 }

@misc{stocker2014climate,
  title={Climate change 2013: The physical science basis},
  author={Stocker, Thomas F and Qin, Dahe and Plattner, Gian-Kasper and Tignor, M and Allen, Simon K and Boschung, Judith and Nauels, Alexander and Xia, Yu and Bex, Vincent and Midgley, Pauline M},
  year={2014},
  publisher={Cambridge University Press Cambridge, UK, and New York}
}
@article{Guntner2001,
author = {G\"{u}ntner, A. and Olsson, J. and Calver, A. and Gannon, B.},
doi = {10.5194/hess-5-145-2001},
file = {:C$\backslash$:/Users/janosch/Dropbox/Radar/relevantPapers/random\_cascade\_model\_guentner\_2001\_sweden.pdf:pdf},
issn = {1607-7938},
journal = {Hydrology and Earth System Sciences},
keywords = {rainfall,random cascade,scaling,semi-arid,temperate climate,temporal disaggregation},
number = {2},
pages = {145--164},
title = {{Cascade-based disaggregation of continuous rainfall time series: the influence of climate}},
volume = {5},
year = {2001}
}
@article{OGorman2012,
author = {{O'Gorman}, Paul A.},
doi = {10.1038/ngeo1568},
file = {:C$\backslash$:/Users/janosch/Dropbox/Radar/relevantPapers/ogorman\_2012\_ngs.pdf:pdf},
issn = {1752-0894},
journal = {Nature Geoscience},
month = sep,
number = {10},
pages = {697--700},
publisher = {Nature Publishing Group},
title = {{Sensitivity of tropical precipitation extremes to climate change}},
volume = {5},
year = {2012}
}

@article{smyth1998radar,
  title={Radar estimates of rainfall rates at the ground in bright band and non-bright band events},
  author={Smyth, TJ and Illingworth, AJ},
  journal={Q. J. Roy. Meteor. Soc.},
  volume={124},
  number={551},
  pages={2,417--2,434},
  year={1998},
  publisher={Wiley Online Library}
}

@article{illingworth2007continuous,
  title={Continuous evaluation of cloud profiles in seven operational models using ground-based observations},
  author={Illingworth, AJ and Hogan, RJ and {O'Connor}, EJ and Bouniol, D. and Brooks, ME and Delano{\"e}, J. and Donovan, DP and Eastment, JD and Gaussiat, N. and Goddard, JWF and others},
  journal={B. Am. Meteorol. Soc.},
  volume={88},
  pages={883--898},
  year={2007}
}


@article{haerter2012communication,
  title={Communication dynamics in finite capacity social networks},
  author={Haerter, Jan O and Jamtveit, Bj{\o}rn and Mathiesen, Joachim},
  journal={Physical review letters},
  volume={109},
  number={16},
  pages={168701},
  year={2012},
  publisher={APS}
}
@article{wang2010shape,
  title={Shape of fair weather clouds},
  author={Wang, Yong and Zocchi, Giovanni},
  journal={Physical review letters},
  volume={104},
  number={11},
  pages={118502},
  year={2010},
  publisher={APS}
}

﻿@article {dee2011erainterim,
author = {Dee, D. P. and Uppala, S. M. and Simmons, A. J. and Berrisford, P. and Poli, P. and Kobayashi, S. and Andrae, U. and Balmaseda, M. A. and Balsamo, G. and Bauer, P. and Bechtold, P. and Beljaars, A. C. M. and van de Berg, L. and Bidlot, J. and Bormann, N. and Delsol, C. and Dragani, R. and Fuentes, M. and Geer, A. J. and Haimberger, L. and Healy, S. B. and Hersbach, H. and Hólm, E. V. and Isaksen, L. and Kållberg, P. and Köhler, M. and Matricardi, M. and McNally, A. P. and Monge-Sanz, B. M. and Morcrette, J.-J. and Park, B.-K. and Peubey, C. and de Rosnay, P. and Tavolato, C. and Thépaut, J.-N. and Vitart, F.},
title = {The ERA-Interim reanalysis: configuration and performance of the data assimilation system},
journal = {Q. J. Roy. Met. Soc.},
volume = {137},
number = {656},
publisher = {John Wiley & Sons, Ltd.},
issn = {1477-870X},
url = {http://dx.doi.org/10.1002/qj.828},
doi = {10.1002/qj.828},
pages = {553--597},
keywords = {ERA-40, 4D-Var, hydrological cycle, stratospheric circulation, observations, forecast model},
year = {2011},
}

@article{yano2012convective,
  title={Convective quasi-equilibrium},
  author={Yano, J-I and Plant, RS},
  journal={Reviews of Geophysics},
  volume={50},
  number={4},
  year={2012},
  publisher={Wiley Online Library}
}
@article{yano2012finite,
  title={Finite departure from convective quasi-equilibrium: periodic cycle and discharge--recharge mechanism},
  author={Yano, Jun-Ichi and Plant, Robert},
  journal={Quarterly Journal of the Royal Meteorological Society},
  volume={138},
  number={664},
  pages={626--637},
  year={2012},
  publisher={Wiley Online Library}
}
@article{xue2008aerosol,
  title={Aerosol effects on clouds, precipitation, and the organization of shallow cumulus convection},
  author={Xue, Huiwen and Feingold, Graham and Stevens, Bjorn},
  journal={Journal of the Atmospheric Sciences},
  volume={65},
  number={2},
  pages={392--406},
  year={2008}
}
@article{chen2012three,
  title={The three-dimensional structure of precipitating shallow cumuli. Part one: The kinematics},
  author={Chen, Guoxing and Xue, Huiwen and Zhang, Wei and Zhou, Xiuji},
  journal={Atmos. Res.},
  year={2012},
  publisher={Elsevier}
}

@article{novo:2013,
  title={Tracking, analysis, and nowcasting of Cuban convective cells as seen by radar},
  author={Novo, S. and Martinez, D.  and Puentes, O.},
  journal={Meteorol. Appl.},
  year={2013},
  doi={10.1002/met.1380}
 }
@article{hohenegger2016coupled,
  title={Coupled radiative convective equilibrium simulations with explicit and parameterized convection},
  author={Hohenegger, Cathy and Stevens, Bjorn},
  journal={Journal of Advances in Modeling Earth Systems},
  volume={8},
  number={3},
  pages={1468--1482},
  year={2016},
  publisher={Wiley Online Library}
}
@article{bretherton2005energy,
  title={An energy-balance analysis of deep convective self-aggregation above uniform {SST}},
  author={Bretherton, Christopher S and Blossey, Peter N and Khairoutdinov, Marat},
  journal={Journal of the {A}tmospheric {S}ciences},
  volume={62},
  number={12},
  pages={4273--4292},
  year={2005}
}
@article{tompkins1998radiative,
  title={Radiative--convective equilibrium in a three-dimensional cloud-ensemble model},
  author={Tompkins, Adrian M and Craig, George C},
  journal={Quarterly Journal of the Royal Meteorological Society},
  volume={124},
  number={550},
  pages={2073--2097},
  year={1998},
  publisher={Wiley Online Library}
}
@article{craig2013coarsening,
  title={A coarsening model for self-organization of tropical convection},
  author={Craig, GC and Mack, JM},
  journal={Journal of Geophysical Research: Atmospheres},
  volume={118},
  number={16},
  pages={8761--8769},
  year={2013},
  publisher={Wiley Online Library}
}
@article{piani2010statistical,
  title={Statistical bias correction for daily precipitation in regional climate models over Europe},
  author={Piani, C and Haerter, JO and Coppola, E},
  journal={Theoretical and Applied Climatology},
  volume={99},
  number={1-2},
  pages={187--192},
  year={2010},
  publisher={Springer}
}
@article{wood2004hydrologic,
  title={Hydrologic implications of dynamical and statistical approaches to downscaling climate model outputs},
  author={Wood, Andrew W and Leung, Lai R and Sridhar, V and Lettenmaier, DP},
  journal={Climatic change},
  volume={62},
  number={1-3},
  pages={189--216},
  year={2004},
  publisher={Springer}
}
@article{piani2010statistical_global,
  title={Statistical bias correction of global simulated daily precipitation and temperature for the application of hydrological models},
  author={Piani, C and Weedon, GP and Best, M and Gomes, SM and Viterbo, P and Hagemann, S and Haerter, JO},
  journal={Journal of Hydrology},
  volume={395},
  number={3},
  pages={199--215},
  year={2010},
  publisher={Elsevier}
}
@article{dai2013increasing,
  title={Increasing drought under global warming in observations and models},
  author={Dai, Aiguo},
  journal={Nature Climate Change},
  volume={3},
  number={1},
  pages={52--58},
  year={2013},
  publisher={Nature Publishing Group}
}
@article{li2010bias,
  title={Bias correction of monthly precipitation and temperature fields from Intergovernmental Panel on Climate Change AR4 models using equidistant quantile matching},
  author={Li, Haibin and Sheffield, Justin and Wood, Eric F},
  journal={Journal of Geophysical Research: Atmospheres (1984--2012)},
  volume={115},
  number={D10},
  year={2010},
  publisher={Wiley Online Library}
}
@article{glassmeier2017network,
  title={Network approach to patterns in stratocumulus clouds},
  author={Glassmeier, Franziska and Feingold, Graham},
  journal={Proceedings of the National Academy of Sciences},
  pages={201706495},
  year={2017},
  publisher={National Acad Sciences}
}
@article{dosio2011bias,
  title={Bias correction of the ENSEMBLES high-resolution climate change projections for use by impact models: Evaluation on the present climate},
  author={Dosio, A and Paruolo, P},
  journal={Journal of Geophysical Research: Atmospheres (1984--2012)},
  volume={116},
  number={D16},
  year={2011},
  publisher={Wiley Online Library}
}
@article{haerter2017precipitation,
  title={Precipitation onset as the temporal reference in convective self-organization},
  author={Haerter, Jan O and Berg, Peter and Moseley, Christopher},
  journal={Geophysical Research Letters},
  year={2017},
  publisher={Wiley Online Library}
}
@article{haerter2011climate,
  title={Climate model bias correction and the role of timescales},
  author={Haerter, JO and Hagemann, S and Moseley, C and Piani, C},
  journal={Hydrology and Earth System Sciences},
  volume={15},
  number={3},
  pages={1065--1079},
  year={2011},
  publisher={Copernicus GmbH}
}
@article{teutschbein2012bias,
  title={Bias correction of regional climate model simulations for hydrological climate-change impact studies: Review and evaluation of different methods},
  author={Teutschbein, Claudia and Seibert, Jan},
  journal={Journal of Hydrology},
  volume={456},
  pages={12--29},
  year={2012},
  publisher={Elsevier}
}
@article{jakob2011empirical,
  title={Empirical-statistical downscaling and error correction of daily precipitation from regional climate models},
  author={Jakob Theme{\ss}l, Matthias and Gobiet, Andreas and Leuprecht, Armin},
  journal={International Journal of Climatology},
  volume={31},
  number={10},
  pages={1530--1544},
  year={2011},
  publisher={Wiley Online Library}
}
@article{ines2006bias,
  title={Bias correction of daily GCM rainfall for crop simulation studies},
  author={Ines, Amor VM and Hansen, James W},
  journal={Agricultural and forest meteorology},
  volume={138},
  number={1},
  pages={44--53},
  year={2006},
  publisher={Elsevier}
}
@article{maraun2010precipitation,
  title={Precipitation downscaling under climate change: recent developments to bridge the gap between dynamical models and the end user},
  author={Maraun, Douglas and Wetterhall, F and Ireson, AM and Chandler, RE and Kendon, EJ and Widmann, M and Brienen, S and Rust, HW and Sauter, T and Theme{\ss}l, M and others},
  journal={Reviews of Geophysics},
  volume={48},
  number={3},
  year={2010},
  publisher={Wiley Online Library}
}
@article{lafon2013bias,
  title={Bias correction of daily precipitation simulated by a regional climate model: a comparison of methods},
  author={Lafon, Thomas and Dadson, Simon and Buys, Gwen and Prudhomme, Christel},
  journal={International Journal of Climatology},
  volume={33},
  number={6},
  pages={1367--1381},
  year={2013},
  publisher={Wiley Online Library}
}
@article{berg2012bias,
  title={Bias correction of high resolution regional climate model data},
  author={Berg, P and Feldmann, H and Panitz, H-J},
  journal={Journal of Hydrology},
  volume={448},
  pages={80--92},
  year={2012},
  publisher={Elsevier}
}
@article{gudmundsson2012technical,
  title={Technical Note: Downscaling RCM precipitation to the station scale using statistical transformations--a comparison of methods},
  author={Gudmundsson, L and Bremnes, JB and Haugen, JE and Engen-Skaugen, T},
  journal={Hydrology and Earth System Sciences},
  volume={16},
  number={9},
  pages={3383--3390},
  year={2012},
  publisher={Copernicus GmbH}
}
@article{ceglar2012simulation,
  title={Simulation of maize yield in current and changed climatic conditions: addressing modelling uncertainties and the importance of bias correction in climate model simulations},
  author={Ceglar, Andrej and Kajfe{\v{z}}-Bogataj, Lu{\v{c}}ka},
  journal={European Journal of Agronomy},
  volume={37},
  number={1},
  pages={83--95},
  year={2012},
  publisher={Elsevier}
}
@article{elmer2012drivers,
  title={Drivers of flood risk change in residential areas},
  author={Elmer, F and Hoymann, J and D{\"u}thmann, D and Vorogushyn, S and Kreibich, H},
  journal={Natural Hazards and Earth System Science},
  volume={12},
  number={5},
  pages={1641--1657},
  year={2012},
  publisher={Copernicus GmbH}
}
@article{piani2010statisticalA
,
  title={Statistical bias correction of global simulated daily precipitation and temperature for the application of hydrological models},
  author={Piani, C and Weedon, GP and Best, M and Gomes, SM and Viterbo, P and Hagemann, S and Haerter, JO},
  journal={Journal of Hydrology},
  volume={395},
  number={3},
  pages={199--215},
  year={2010},
  publisher={Elsevier}
}
@article{uppala2005era,
  title={The ERA-40 re-analysis},
  author={Uppala, Sakari M and K{\aa}llberg, PW and Simmons, AJ and Andrae, U and Bechtold, V and Fiorino, M and Gibson, JK and Haseler, J and Hernandez, A and Kelly, GA and others},
  journal={Quarterly Journal of the Royal Meteorological Society},
  volume={131},
  number={612},
  pages={2961--3012},
  year={2005},
  publisher={Wiley Online Library}
}
@article{weedon2011creation,
  title={Creation of the WATCH forcing data and its use to assess global and regional reference crop evaporation over land during the twentieth century},
  author={Weedon, GP and Gomes, S and Viterbo, P and Shuttleworth, WJ and Blyth, E and {\"O}sterle, H and Adam, JC and Bellouin, N and Boucher, O and Best, M},
  journal={Journal of Hydrometeorology},
  volume={12},
  number={5},
  pages={823--848},
  year={2011}
}
@article{Perkins2007,
author = {Perkins, S. E. and Pitman, a. J. and Holbrook, N. J. and McAneney, J.},
doi = {10.1175/JCLI4253.1},
file = {:Users/bastianeggert/Dropbox/PHD/mendeley\_lib\_4\_2014/Perkins et al. - 2007 - Evaluation of the AR4 Climate Models’ Simulated Daily Maximum Temperature, Minimum Temperature, and Precipitation over Australia Using Probability Density Functions.pdf:pdf},
issn = {0894-8755},
journal = {Journal of Climate},
keywords = {dxdt,precipitation,temperature},
mendeley-tags = {dxdt,precipitation,temperature},
month = sep,
number = {17},
pages = {4356--4376},
title = {{Evaluation of the AR4 Climate Models’ Simulated Daily Maximum Temperature, Minimum Temperature, and Precipitation over Australia Using Probability Density Functions}},
url = {http://journals.ametsoc.org/doi/abs/10.1175/JCLI4253.1},
volume = {20},
year = {2007}
}
@article{maraun2013bias,
  title={Bias correction, quantile mapping, and downscaling: Revisiting the inflation issue},
  author={Maraun, Douglas},
  journal={Journal of Climate},
  volume={26},
  number={6},
  pages={2137--2143},
  year={2013}
}
@article{piani2012two,
  title={Two dimensional bias correction of temperature and precipitation copulas in climate models},
  author={Piani, C and Haerter, JO},
  journal={Geophysical Research Letters},
  volume={39},
  number={20},
  year={2012},
  publisher={Wiley Online Library}
}
@article{ines2006bias,
  title={Bias correction of daily GCM rainfall for crop simulation studies},
  author={Ines, Amor VM and Hansen, James W},
  journal={Agricultural and forest meteorology},
  volume={138},
  number={1},
  pages={44--53},
  year={2006},
  publisher={Elsevier}
}
@article{von1999use,
  title={On the use of “inflation” in statistical downscaling},
  author={von Storch, Hans},
  journal={Journal of Climate},
  volume={12},
  number={12},
  pages={3505--3506},
  year={1999}
}


@ARTICLE{Berg2012,
  author = {P. Berg and S. Wagner and H. Kunstmann and G. Sch{\"a}dler},
  title = {{High resolution regional climate model simulations for Germany:
        part I - validation}},
  journal = {Climate Dynamics},
  year = {2012},
  volume = {40},
  pages = {401-414},
  doi = {10.1007/s00382-012-1508-8}
}

@ARTICLE{Fosser2014,
  author = {Fosser, G., and Khodayar, S. and Berg, P.},
  title = {Benefit of convection permitting climate model simulations in the
        representation of convective precipitation Climate Dynamics (2014):
        1-16.},
  journal = {Climate Dynamics},
  year = {2014},
  volume = {44},
  pages = {45--60},
  doi = {10.1007/s00382-014-2242-1},
}

@ARTICLE{Dee2011,
  author = {Dee, D. P. and Uppala, S. M. and Simmons, A. J. and Berrisford, P.
        and Poli, P. and Kobayashi, S. and Andrae, U. and Balmaseda, M. A.
        and Balsamo, G. and Bauer, P. and Bechtold, P. and Beljaars, A. C.
        M. and van de Berg, L. and Bidlot, J. and Bormann, N. and Delsol,
        C. and Dragani, R. and Fuentes, M. and Geer, A. J. and Haimberger,
        L. and Healy, S. B. and Hersbach, H. and H{\'o}lm, E. V. and Isaksen,
        L. and K{\aa}llberg, P. and K{\"o}hler, M. and Matricardi, M. and
        McNally, A. P. and Monge-Sanz, B. M. and Morcrette, J.-J. and Park,
        B.-K. and Peubey, C. and de Rosnay, P. and Tavolato, C. and Th\'epaut,
        J.-N. and Vitart, F.},
  title = {{The ERA-Interim reanalysis: configuration and performance of the
        data assimilation system}},
  journal = {Quarterly Journal of the Royal Meteorological Society},
  year = {2011},
  volume = {137},
  pages = {553-597},
  doi = {10.1002/qj.828},
}

@ARTICLE{Doms2002,
  author = {G. Doms and U. Sch{\"{a}}ttler},
  title = {A description of the nonhydrostatic regional model {L}{M}, {P}art
        {I}: {D}ynamics and {N}umerics},
  journal = {{C}{O}{S}{M}{O} Newsletter},
  year = {2002},
  volume = {2},
  pages = {225--235}
}

@ARTICLE{Berg2015,
  author = {Berg, P. and Bosshard, T. and Yang, W.},
  title = {Model Consistent Pseudo-Observations of Precipitation and Their Use
        for Bias Correcting Regional Climate ModelsClimate 3.1 (2015): 118-132.},
  journal = {Climate},
  year = {2015},
  volume = {3},
  pages = {118--132},
  doi = {10.3390/cli3010118},
}



@article{lenderink2008increase,
  title={Increase in hourly precipitation extremes beyond expectations from temperature changes},
  author={Lenderink, Geert and Van Meijgaard, Erik},
  journal={Nature Geoscience},
  volume={1},
  number={8},
  pages={511--514},
  year={2008},
  publisher={Nature Publishing Group}
}
@article{berg2013unexpected,
  title={Unexpected increase in precipitation intensity with temperature—A result of mixing of precipitation types?},
  author={Berg, P and Haerter, JO},
  journal={Atmospheric Research},
  volume={119},
  pages={56--61},
  year={2013},
  publisher={Elsevier}
}
@article{eggert2015temporal,
  title={Temporal and spatial scaling impacts on extreme precipitation},
  author={Eggert, B and Berg, Peter and Haerter, JO and Jacob, D and Moseley, Christopher},
  journal={Atmospheric Chemistry and Physics},
  volume={15},
  number={10},
  pages={5957--5971},
  year={2015},
  publisher={Copernicus GmbH}
}
@article{deidda2000rainfall,
  title={Rainfall downscaling in a space-time multifractal framework},
  author={Deidda, R},
  journal={Water Resources Research},
  volume={36},
  number={7},
  pages={1779--1794},
  year={2000},
  publisher={Wiley Online Library}
}
@article{attema2014,
  title={Extreme precipitation response to climate perturbations in an atmospheric mesoscale model},
  author={Attema, J J and  Loriaux, J M and Lenderink, G},
  journal={Environmental Research Letters},
  volume={9},
  number={},
  pages={014003},
  year={2014}
}

@article{bak1987self,
  title={Self-organized criticality: An explanation of the 1/f noise},
  author={Bak, Per and Tang, Chao and Wiesenfeld, Kurt},
  journal={Physical review letters},
  volume={59},
  number={4},
  pages={381},
  year={1987},
  publisher={APS}
}
@article{stevens2015growth,
  title={On the growth of layers of nonprecipitating cumulus convection},
  author={Stevens, Bjorn},
  journal={Journal of the atmospheric sciences},
  volume={72},
  number={9},
  year={2015}
}
@article{stevens2009untangling,
  title={Untangling aerosol effects on clouds and precipitation in a buffered system},
  author={Stevens, Bjorn and Feingold, Graham},
  journal={Nature},
  volume={461},
  number={7264},
  pages={607--613},
  year={2009},
  publisher={Nature Publishing Group}
}
@article{singh2014,
  title={Influence of microphysics on the scaling of precipitation extremes with temperature.},
  author={Singh, M S and O{'}Gorman, P A},
  journal={Geophysical Research Letters},
  volume={41},
  number={},
  pages={6037-6077},
  year={2014}
}

@article{schlemmer2014,
  title={The formation of wider and deeper clouds as a results of cold-pool dynamics.},
  author={Schlemmer, L and Hohenegger, C},
  journal={Journal of the Atmospheric Sciences},
  volume={71},
  number={},
  pages={2842-2858},
  year={2014}
}

@article{moseley2014,
  title={Probing the convection life-cycle by iterative rain cell tracking.},
  author={Moseley, C and Berg, P and Haerter, J O},
  journal={Journal of Geophysical Research},
  volume={118},
  number={24},
  pages={13361-13370},
  year={2013}
}


@article{stevens2005,
  title={Evaluation of Large-Eddy Simulations via Observations of Nocturnal Marine Stratocumulus.},
  author={Stevens, B and others},
  journal={Monthly Weather Review},
  volume={133},
  number={6},
  pages={1443-1462},
  year={2005}
}
@article{seifert2006two,
  title={A two-moment cloud microphysics parameterization for mixed-phase clouds. {P}art 1: Model description},
  author={Seifert, A and Beheng, KD},
  journal={Meteorology and {A}tmospheric {P}hysics},
  volume={92},
  number={1-2},
  pages={45--66},
  year={2006},
  publisher={Springer}
}
@article{seifert2013large,
  title={Large-eddy simulation of organized precipitating trade wind cumulus clouds},
  author={Seifert, A and Heus, Thijs},
  journal={Atmospheric Chemistry and Physics},
  volume={13},
  pages={5631--5645},
  year={2013},
  publisher={European Geosciences Union}
}
@article{pincus2009monte,
  title={{M}onte {C}arlo spectral integration: {A} consistent approximation for radiative transfer in large eddy simulations},
  author={Pincus, Robert and Stevens, Bjorn},
  journal={Journal of Advances in Modeling Earth Systems},
  volume={1},
  pages={1--9},
  number={2},
  year={2009},
  doi={10.3894/JAMGES.2009.1.1},
  publisher={Wiley Online Library}
}
@article{panthou2014relationship,
  title={Relationship between Surface Temperature and Extreme Rainfalls: A Multi-Time-Scale and Event-Based Analysis*},
  author={Panthou, G{\'e}r{\'e}my and Mailhot, Alain and Laurence, Edward and Talbot, Guillaume},
  journal={Journal of Hydrometeorology},
  volume={15},
  number={5},
  pages={1999--2011},
  year={2014}
}
@article{molnar2015storm,
  title={Storm type effects on super {C}lausius--{C}lapeyron scaling of intense rainstorm properties with air temperature},
  author={Molnar, P and Fatichi, S and Ga{\'a}l, L and Szolgay, J and Burlando, P},
  journal={Hydrology and Earth System Sciences},
  volume={19},
  number={4},
  pages={1753--1766},
  year={2015},
  publisher={Copernicus GmbH}
}
@article{tompkins2001organizationCold,
  title={Organization of tropical convection in low vertical wind shears: The role of cold pools},
  author={Tompkins, Adrian M},
  journal={Journal of the Atmospheric Sciences},
  volume={58},
  number={13},
  pages={1650--1672},
  year={2001}
}

@article{tompkins2001organizationWater,
  title={Organization of tropical convection in low vertical wind shears: The role of water vapor},
  author={Tompkins, Adrian M},
  journal={Journal of the Atmospheric Sciences},
  volume={58},
  number={6},
  pages={529--545},
  year={2001}
}

@BOOK{stull,
   author = "Stull, Roland B",
   publisher = "Springer Science and Business Media B.V.",
   title = "An Introduction to Boundary Layer Meteorology",
   series = "",
   year = "2009",
   note = "",
}
@article{wasko2015steeper,
  title={Steeper temporal distribution of rain intensity at higher temperatures within {A}ustralian storms},
  author={Wasko, Conrad and Sharma, Ashish},
  journal={Nature Geoscience},
  volume={8},
  number={7},
  pages={527--529},
  year={2015},
  publisher={Nature Publishing Group}
}
@article{alexander2006global,
  title={Global observed changes in daily climate extremes of temperature and precipitation},
  author={Alexander, LV and Zhang, Xuebin and Peterson, TC and Caesar, John and Gleason, B and Klein Tank, AMG and Haylock, M and Collins, Dean and Trewin, Blair and Rahimzadeh, Fatemah and others},
  journal={Journal of Geophysical Research: Atmospheres},
  volume={111},
  number={D5},
  year={2006},
  publisher={Wiley Online Library}
}
@article{meredith2015crucial,
  title={Crucial role of {B}lack {S}ea warming in amplifying the 2012 {K}rymsk precipitation extreme},
  author={Meredith, Edmund P and Semenov, Vladimir A and Maraun, Douglas and Park, Wonsun and Chernokulsky, Alexander V},
  journal={Nature Geoscience},
  volume={8},
  pages={615-619},
  year={2015},
  publisher={Nature Publishing Group}
}
@article{peterson2013explaining,
  title={Explaining extreme events of 2012 from a climate perspective},
  author={Peterson, Thomas C and Alexander, Lisa V and Allen, Myles R and Anel, Juan A and Barriopedro, David and Black, Mitchell T and Carey-Smith, Trevor and Castillo, Rodrigo and Cattiaux, Julien and Chen, XL and others},
  journal={Bulletin of the American Meteorological Society},
  volume={94},
  number={9},
  pages={S1--S74},
  year={2013}
}
@article{kendon2014heavier,
  title={Heavier summer downpours with climate change revealed by weather forecast resolution model},
  author={Kendon, Elizabeth J and Roberts, Nigel M and Fowler, Hayley J and Roberts, Malcolm J and Chan, Steven C and Senior, Catherine A},
  journal={Nature Climate Change},
  volume={4},
  pages={570-576},
  year={2014},
  publisher={Nature Publishing Group}
}
@article{fosser2014benefit,
  title={Benefit of convection permitting climate model simulations in the representation of convective precipitation},
  author={Fosser, G and Khodayar, S and Berg, P},
  journal={Climate Dynamics},
  volume={44},
  number={1-2},
  pages={45--60},
  year={2014},
  publisher={Springer}
}
@article{gaal2014selection,
  title={Selection of intense rainfall events based on intensity thresholds and lightning data in Switzerland},
  author={Ga{\'a}l, L and Molnar, P and Szolgay, J},
  journal={Hydrology and Earth System Sciences},
  volume={18},
  number={5},
  pages={1561--1573},
  year={2014},
  publisher={Copernicus GmbH}
}
@article{panthou2014relationship,
  title={Relationship between Surface Temperature and Extreme Rainfalls: A Multi-Time-Scale and Event-Based Analysis*},
  author={Panthou, G{\'e}r{\'e}my and Mailhot, Alain and Laurence, Edward and Talbot, Guillaume},
  journal={Journal of Hydrometeorology},
  volume={15},
  number={5},
  pages={1999--2011},
  year={2014}
}
@article{ban2015heavy,
  title={Heavy precipitation in a changing climate: Does short-term summer precipitation increase faster?},
  author={Ban, Nikolina and Schmidli, Juerg and Sch{\"a}r, Christoph},
  journal={Geophysical Research Letters},
  volume={42},
  number={4},
  pages={1165--1172},
  year={2015},
  publisher={Wiley Online Library}
}
@article{yang2014atmospheric,
  title={Atmospheric moisture budget and spatial resolution dependence of precipitation extremes in aquaplanet simulations},
  author={Yang, Qing and Leung, L Ruby and Rauscher, Sara A and Ringler, Todd D and Taylor, Mark A},
  journal={Journal of Climate},
  volume={27},
  number={10},
  pages={3565--3581},
  year={2014}
}
@article{eggert2015temporal,
  title={Temporal and spatial scaling impacts on extreme precipitation},
  author={Eggert, B and Berg, P and Haerter, JO and Jacob, D and Moseley, C},
  journal={Atmospheric Chemistry and Physics},
  volume={15},
  number={10},
  pages={5957--5971},
  year={2015},
  publisher={Copernicus GmbH}
}
@article{meredith2015crucial,
  title={Crucial role of Black Sea warming in amplifying the 2012 Krymsk precipitation extreme},
  author={Meredith, Edmund P and Semenov, Vladimir A and Maraun, Douglas and Park, Wonsun and Chernokulsky, Alexander V},
  journal={Nature Geoscience},
  year={2015},
  publisher={Nature Publishing Group}
}
@book{emanuel1994atmospheric,
  title={Atmospheric convection},
  author={Emanuel, Kerry A},
  year={1994},
  publisher={Oxford University Press on Demand}
}
@article{boing2012influence,
  title={Influence of the subcloud layer on the development of a deep convective ensemble},
  author={B{\"o}ing, Steven J and Jonker, Harm JJ and Siebesma, A Pier and Grabowski, Wojciech W},
  journal={Journal of the Atmospheric Sciences},
  volume={69},
  number={9},
  pages={2682--2698},
  year={2012}
}
@article{grabowski2001coupling,
  title={Coupling cloud processes with the large-scale dynamics using the cloud-resolving convection parameterization ({CRCP})},
  author={Grabowski, Wojciech W},
  journal={Journal of the Atmospheric Sciences},
  volume={58},
  number={9},
  pages={978--997},
  year={2001}
}
@article{torri2015mechanisms,
  title={Mechanisms for convection triggering by cold pools},
  author={Torri, Giuseppe and Kuang, Zhiming and Tian, Yang},
  journal={Geophysical Research Letters},
  volume={42},
  number={6},
  pages={1943--1950},
  year={2015},
  publisher={Wiley Online Library}
}
@article{rio2009shifting,
  title={Shifting the diurnal cycle of parameterized deep convection over land},
  author={Rio, C and Hourdin, F and Grandpeix, J-Y and Lafore, J-P},
  journal={Geophysical Research Letters},
  volume={36},
  number={7},
  year={2009},
  publisher={Wiley Online Library}
}
@article{arakawa2004cumulus,
  title={The cumulus parameterization problem: Past, present, and future},
  author={Arakawa, Akio},
  journal={Journal of Climate},
  volume={17},
  number={13},
  pages={2493--2525},
  year={2004}
}
@article{xu1992macroscopic,
  title={The macroscopic behavior of cumulus ensembles simulated by a cumulus ensemble model},
  author={Xu, Kuan-Man and Arakawa, Akio and Krueger, Steven K},
  journal={Journal of the {A}tmospheric {S}ciences},
  volume={49},
  number={24},
  pages={2402--2420},
  year={1992}
}

@article{arakawa1974interaction,
  title={Interaction of a cumulus cloud ensemble with the large-scale environment, Part I},
  author={Arakawa, Akio and Schubert, Wayne Howard},
  journal={Journal of the Atmospheric Sciences},
  volume={31},
  number={3},
  pages={674--701},
  year={1974}
}

@article{arakawa2013unified,
  title={A unified representation of deep moist convection in numerical modeling of the atmosphere. Part I},
  author={Arakawa, Akio and Wu, Chien-Ming},
  journal={Journal of the Atmospheric Sciences},
  volume={70},
  number={7},
  pages={1977--1992},
  year={2013}
}
@article{mauritsen2015missing,
  title={Missing iris effect as a possible cause of muted hydrological change and high climate sensitivity in models},
  author={Mauritsen, Thorsten and Stevens, Bjorn},
  journal={Nature Geoscience},
  volume={8},
  number={5},
  pages={346--351},
  year={2015},
  publisher={Nature Publishing Group}
}

@article{tan2015increases,
  title={Increases in tropical rainfall driven by changes in frequency of organized deep convection},
  author={Tan, Jackson and Jakob, Christian and Rossow, William B and Tselioudis, George},
  journal={Nature},
  volume={519},
  number={7544},
  pages={451--454},
  year={2015},
  publisher={Nature Publishing Group}
}

@article{westra2014future,
  title={Future changes to the intensity and frequency of short-duration extreme rainfall},
  author={Westra, S and Fowler, HJ and Evans, JP and Alexander, LV and Berg, Peter and Johnson, F and Kendon, EJ and Lenderink, G and Roberts, NM},
  journal={Reviews of Geophysics},
  volume={52},
  number={3},
  pages={522--555},
  year={2014}
}

@article{mapes2000convective,
  title={Convective inhibition, subgrid-scale triggering energy, and stratiform instability in a toy tropical wave model},
  author={Mapes, Brian E},
  journal={Journal of the Atmospheric Sciences},
  volume={57},
  number={10},
  pages={1515--1535},
  year={2000}
}
@article{mapes2011parameterizing,
  title={Parameterizing convective organization to escape the entrainment dilemma},
  author={Mapes, Brian and Neale, Richard},
  journal={Journal of Advances in Modeling Earth Systems},
  volume={3},
  number={2},
  year={2011},
  publisher={Wiley Online Library}
}
@article{grandpeix2010density,
  title={{A density current parameterization coupled with {Emanuel}'s convection scheme. Part I: The models}},
  author={Grandpeix, Jean-Yves and Lafore, Jean-Philippe},
  journal={Journal of the Atmospheric Sciences},
  volume={67},
  number={4},
  pages={881--897},
  year={2010}
}
@article{grandpeix2010densityA,
  title={{A density current parameterization coupled with Emanuel's convection scheme. Part II: 1D simulations}},
  author={Grandpeix, Jean-Yves and Lafore, Jean-Philippe and Cheruy, Fr{\'e}d{\'e}rique},
  journal={Journal of the Atmospheric Sciences},
  volume={67},
  number={4},
  pages={898--922},
  year={2010}
}
@article{plant2008stochastic,
  title={A stochastic parameterization for deep convection based on equilibrium statistics},
  author={Plant, RS and Craig, George C},
  journal={Journal of the Atmospheric Sciences},
  volume={65},
  number={1},
  pages={87--105},
  year={2008}
}
@article{yano2012,
  title={Convective quasi-equilibrium},
  author={Yano, J.-I. and Plant, R. S.},
  journal={Reviews of Geophysics},
  volume={50},
  pages={RG4004},
  year={2012}
}
@article{moncrieff2010multiscale,
  title={The multiscale organization of moist convection and the intersection of weather and climate},
  author={Moncrieff, Mitchell W},
  journal={Climate Dynamics: Why Does Climate Vary?},
  pages={3--26},
  year={2010},
  publisher={Wiley Online Library}
}
@article{loriaux2013understanding,
  title={Understanding convective extreme precipitation scaling using observations and an entraining plume model},
  author={Loriaux, Jessica M and Lenderink, Geert and De Roode, Stephan R and Siebesma, A Pier},
  journal={Journal of the {A}tmospheric {S}ciences},
  volume={70},
  number={11},
  pages={3641--3655},
  year={2013}
}
@article{simpson1980downdrafts,
  title={Downdrafts as linkages in dynamic cumulus seeding effects},
  author={Simpson, Joanne},
  journal={Journal of Applied Meteorology},
  volume={19},
  number={4},
  pages={477--487},
  year={1980}
}
@article{holloway2016sensitivity,
  title={The sensitivity of convective aggregation to diabatic processes in idealized radiative-convective equilibrium simulations},
  author={Holloway, Chris E and Woolnough, Steven J},
  journal={Journal of Advances in Modeling Earth Systems},
  volume={8},
  number={1},
  pages={166--195},
  year={2016},
  publisher={Wiley Online Library}
}
@inproceedings{khairoutdinov2010aggregation,
  title={Aggregation of convection and the regulation of tropical climate. Preprints},
  author={Khairoutdinov, MF and Emanuel, KA},
  booktitle={29th Conference on Hurricanes and Tropical Meteorology, Amer. Meteorol. Soc., Tucson, AZ},
  year={2010}
}
@article{muller2012detailed,
  title={Detailed investigation of the self-aggregation of convection in cloud-resolving simulations},
  author={Muller, Caroline J and Held, Isaac M},
  journal={Journal of the Atmospheric Sciences},
  volume={69},
  number={8},
  pages={2551--2565},
  year={2012}
}
@article{muller2013impact,
  title={Impact of convective organization on the response of tropical precipitation extremes to warming},
  author={Muller, Caroline},
  journal={Journal of Climate},
  volume={26},
  number={14},
  pages={5028--5043},
  year={2013}
}
@article{bretherton2015convective,
  title={Convective self-aggregation feedbacks in near-global cloud-resolving simulations of an aquaplanet},
  author={Bretherton, Christopher S and Khairoutdinov, Marat F},
  journal={Journal of Advances in Modeling Earth Systems},
  volume={7},
  number={4},
  pages={1765--1787},
  year={2015},
  publisher={Wiley Online Library}
}
@article{bourles2008pirata,
  title={The PIRATA program: history, accomplishments, and future directions},
  author={Bourl{\`e}s, Bernard and Lumpkin, Rick and McPhaden, Michael J and Hernandez, Fabrice and Nobre, Paulo and Campos, Edmo and Yu, Lisan and Planton, Serge and Busalacchi, Antonio and Moura, Antonio D and others},
  journal={Bulletin of the American Meteorological Society},
  volume={89},
  number={8},
  pages={1111--1125},
  year={2008}
}
@article{bengtsson2011large,
  title={Large-scale dynamical response to subgrid-scale organization provided by cellular automata},
  author={Bengtsson, Lisa and K{\"o}rnich, Heiner and K{\"a}ll{\'e}n, Erland and Svensson, Gunilla},
  journal={Journal of the Atmospheric Sciences},
  volume={68},
  number={12},
  pages={3132--3144},
  year={2011}
}
@article{boing2016object,
  title={An object-based model for convective cold pool dynamics},
  author={B{\"o}ing, Steven J},
  journal={Mathematics of Climate and Weather Forecasting},
  volume={2},
  number={1},
  year={2016}
}
@article{boing2012influence,
  title={Influence of the subcloud layer on the development of a deep convective ensemble},
  author={B{\"o}ing, Steven J and Jonker, Harm JJ and Siebesma, A Pier and Grabowski, Wojciech W},
  journal={Journal of the Atmospheric Sciences},
  volume={69},
  number={9},
  pages={2682--2698},
  year={2012}
}
@article{engerer2008surface,
  title={Surface characteristics of observed cold pools},
  author={Engerer, Nicholas A and Stensrud, David J and Coniglio, Michael C},
  journal={Monthly Weather Review},
  volume={136},
  number={12},
  pages={4839--4849},
  year={2008}
}
@article{terai2013aircraft,
  title={Aircraft observations of cold pools under marine stratocumulus},
  author={Terai, CR and Wood, R},
  journal={Atmospheric Chemistry and Physics},
  volume={13},
  number={19},
  pages={9899--9914},
  year={2013},
  publisher={Copernicus GmbH}
}
@article{torri2016rain,
  title={Rain evaporation and moist patches in tropical boundary layers},
  author={Torri, Giuseppe and Kuang, Zhiming},
  journal={Geophysical Research Letters},
  volume={43},
  number={18},
  pages={9895--9902},
  year={2016},
  publisher={Wiley Online Library}
}
@article{langhans2015origin,
  title={The origin of water vapor rings in tropical oceanic cold pools},
  author={Langhans, Wolfgang and Romps, David M},
  journal={Geophysical Research Letters},
  volume={42},
  number={18},
  pages={7825--7834},
  year={2015},
  publisher={Wiley Online Library}
}
@article{de2017cold,
  title={Cold pools and their influence on the tropical marine boundary layer},
  author={de Szoeke, Simon P and Skyllingstad, Eric D and Zuidema, Paquita and Chandra, Arunchandra S},
  journal={Journal of the Atmospheric Sciences},
  volume={74},
  number={4},
  pages={1149--1168},
  year={2017}
}
@article{knupp2006observational,
  title={Observational analysis of a gust front to bore to solitary wave transition within an evolving nocturnal boundary layer},
  author={Knupp, Kevin},
  journal={Journal of the atmospheric sciences},
  volume={63},
  number={8},
  pages={2016--2035},
  year={2006}
}
@article{jeevanjee2015effective,
  title={Effective buoyancy, inertial pressure, and the mechanical generation of boundary layer mass flux by cold pools},
  author={Jeevanjee, Nadir and Romps, David M},
  journal={Journal of the Atmospheric Sciences},
  volume={72},
  number={8},
  pages={3199--3213},
  year={2015}
}
@article{coppin2015physical,
  title={Physical mechanisms controlling the initiation of convective self-aggregation in a General Circulation Model},
  author={Coppin, David and Bony, Sandrine},
  journal={Journal of Advances in Modeling Earth Systems},
  volume={7},
  number={4},
  pages={2060--2078},
  year={2015},
  publisher={Wiley Online Library}
}
@article{tompkins2001relationship,
  title={On the relationship between tropical convection and sea surface temperature},
  author={Tompkins, Adrian M},
  journal={Journal of climate},
  volume={14},
  number={5},
  pages={633--637},
  year={2001}
}
@article{wing2017convective,
  title={Convective self-aggregation in numerical simulations: a review},
  author={Wing, Allison A and Emanuel, Kerry and Holloway, Christopher E and Muller, Caroline},
  journal={Surveys in Geophysics},
  volume={38},
  number={6},
  pages={1173--1197},
  year={2017},
  publisher={Springer}
}
@article{muller2015favors,
  title={What favors convective aggregation and why?},
  author={Muller, Caroline and Bony, Sandrine},
  journal={Geophysical Research Letters},
  volume={42},
  number={13},
  pages={5626--5634},
  year={2015},
  publisher={Wiley Online Library}
}
@article{pauluis2011self,
  title={Self-aggregation of clouds in conditionally unstable moist convection},
  author={Pauluis, Olivier and Schumacher, J{\"o}rg},
  journal={Proceedings of the National Academy of Sciences},
  volume={108},
  number={31},
  pages={12623--12628},
  year={2011},
  publisher={National Acad Sciences}
}
@article{bretherton2015convective,
  title={Convective self-aggregation feedbacks in near-global cloud-resolving simulations of an aquaplanet},
  author={Bretherton, Christopher S and Khairoutdinov, Marat F},
  journal={Journal of Advances in Modeling Earth Systems},
  volume={7},
  number={4},
  pages={1765--1787},
  year={2015},
  publisher={Wiley Online Library}
}
@article{wing2016self,
  title={Self-aggregation of convection in long channel geometry},
  author={Wing, Allison A and Cronin, Timothy W},
  journal={Quarterly Journal of the Royal Meteorological Society},
  volume={142},
  number={694},
  pages={1--15},
  year={2016},
  publisher={Wiley Online Library}
}
@phdthesis{windmiller2017organization,
  title={Organization of tropical convection},
  author={Windmiller, Julia Miriam},
  year={2017},
  school={Ludwig-Maximilian University, Munich, Germany}
}
@article{posselt2012changes,
  title={Changes in the interaction between tropical convection, radiation, and the large-scale circulation in a warming environment},
  author={Posselt, Derek J and Heever, Susan van den and Stephens, Graeme and Igel, Matthew R},
  journal={Journal of Climate},
  volume={25},
  number={2},
  pages={557--571},
  year={2012}
}
@article{bretherton1989gravity,
  title={Gravity waves, compensating subsidence and detrainment around cumulus clouds},
  author={Bretherton, Christopher S and Smolarkiewicz, Piotr K},
  journal={Journal of the atmospheric sciences},
  volume={46},
  number={6},
  pages={740--759},
  year={1989}
}
@article{tobin2013does,
  title={Does convective aggregation need to be represented in cumulus parameterizations?},
  author={Tobin, Isabelle and Bony, Sandrine and Holloway, Chris E and Grandpeix, Jean-Yves and Seze, Genevieve and Coppin, David and Woolnough, Steve J and Roca, R{\'e}my},
  journal={Journal of Advances in Modeling Earth Systems},
  volume={5},
  number={4},
  pages={692--703},
  year={2013},
  publisher={Wiley Online Library}
}
@article{tobin2012observational,
  title={Observational evidence for relationships between the degree of aggregation of deep convection, water vapor, surface fluxes, and radiation},
  author={Tobin, Isabelle and Bony, Sandrine and Roca, Remy},
  journal={Journal of Climate},
  volume={25},
  number={20},
  pages={6885--6904},
  year={2012}
}

@article{schlemmer2015modifications,
  title={Modifications of the atmospheric moisture field as a result of cold-pool dynamics},
  author={Schlemmer, Linda and Hohenegger, Cathy},
  journal={Quarterly Journal of the Royal Meteorological Society},
  volume={142},
  pages={30--42},
  doi={10.1002/qj.2625},
  year={2015}
}

@article{meron1992pattern,
  title={Pattern formation in excitable media},
  author={Meron, Ehud},
  journal={Physics reports},
  volume={218},
  number={1},
  pages={1--66},
  year={1992},
  publisher={Elsevier}
}
@article{hohenegger2009soil,
  title={The soil moisture-precipitation feedback in simulations with explicit and parameterized convection},
  author={Hohenegger, Cathy and Brockhaus, Peter and Bretherton, Christopher S and Sch{\"a}r, Christoph},
  journal={Journal of Climate},
  volume={22},
  number={19},
  pages={5003--5020},
  year={2009}
}
@article{khain2009notes,
  title={Notes on state-of-the-art investigations of aerosol effects on precipitation: a critical review},
  author={Khain, AP},
  journal={Environmental Research Letters},
  volume={4},
  number={1},
  pages={015004},
  year={2009},
  publisher={IOP Publishing}
}
@article{altaratz2008aerosols,
  title={Aerosols' influence on the interplay between condensation, evaporation and rain in warm cumulus cloud},
  author={Altaratz, O and Koren, I and Reisin, T and Kostinski, A and Feingold, G and Levin, Z and Yin, Y},
  journal={Atmospheric Chemistry and Physics},
  volume={8},
  number={1},
  pages={15--24},
  year={2008},
  publisher={Copernicus GmbH}
}
@article{altaratz2014review,
  title={Review: Cloud invigoration by aerosols—Coupling between microphysics and dynamics},
  author={Altaratz, O and Koren, I and Remer, LA and Hirsch, E},
  journal={Atmospheric Research},
  volume={140},
  pages={38--60},
  year={2014},
  publisher={Elsevier}
}
@article{randallcripe99,
  title={Alternative methods for specification of observed forcing in single-column models and cloud system models},
  author={Randall, David A. and Cripe, Douglas G.},
  journal={Journal of Geophysical Research},
  volume={104},
  number={D20},
  pages={24527--24545},
  year={1999},
}
@article{manabe1965simulated,
  title={Simulated climatology of a general circulation model with a hydrologic cycle},
  author={Manabe, Syukuro and Smagorinsky, Joseph and Strickler, Robert F},
  journal={Mon. Wea. Rev},
  volume={93},
  number={12},
  pages={769--798},
  year={1965},
  publisher={Citeseer}
}
@article{weisman1982dependence,
  title={The dependence of numerically simulated convective storms on vertical wind shear and buoyancy},
  author={Weisman, Morris L and Klemp, Joseph B},
  journal={Monthly Weather Review},
  volume={110},
  number={6},
  pages={504--520},
  year={1982}
}
@article{morrison2011cloud,
  title={Cloud-system resolving model simulations of aerosol indirect effects on tropical deep convection and its thermodynamic environment},
  author={Morrison, Hugh and Grabowski, WW},
  journal={Atmospheric Chemistry and Physics},
  volume={11},
  number={20},
  pages={10503--10523},
  year={2011},
  publisher={Copernicus GmbH}
}
@article{yano2012self,
  title={Self-organized criticality and homeostasis in atmospheric convective organization},
  author={Yano, Jun-Ichi and Liu, Changhai and Moncrieff, Mitchell W},
  journal={Journal of the Atmospheric Sciences},
  volume={69},
  number={12},
  pages={3449--3462},
  year={2012}
}
@article{bony2015clouds,
  title={Clouds, circulation and climate sensitivity},
  author={Bony, Sandrine and Stevens, Bjorn and Frierson, Dargan MW and Jakob, Christian and Kageyama, Masa and Pincus, Robert and Shepherd, Theodore G and Sherwood, Steven C and Siebesma, A Pier and Sobel, Adam H and others},
  journal={Nature Geoscience},
  volume={8},
  number={4},
  pages={261--268},
  year={2015},
  publisher={Nature Publishing Group}
}
@article{jones2014objective,
  title={Objective classification of extreme rainfall regions for the UK and updated estimates of trends in regional extreme rainfall},
  author={Jones, Mari R and Blenkinsop, Stephen and Fowler, Hayley J and Kilsby, Christopher G},
  journal={International Journal of Climatology},
  volume={34},
  number={3},
  pages={751--765},
  year={2014},
  publisher={Wiley Online Library}
}
@article{kendon2014heavier,
  title={Heavier summer downpours with climate change revealed by weather forecast resolution model},
  author={Kendon, Elizabeth J and Roberts, Nigel M and Fowler, Hayley J and Roberts, Malcolm J and Chan, Steven C and Senior, Catherine A},
  journal={Nature Climate Change},
  volume={4},
  number={7},
  pages={570},
  year={2014},
  publisher={Nature Publishing Group}
}
@article{jeevanjee2013convective,
  title={Convective self-aggregation, cold pools, and domain size},
  author={Jeevanjee, Nadir and Romps, David M},
  journal={Geophysical Research Letters},
  volume={40},
  number={5},
  pages={994--998},
  year={2013},
  publisher={Wiley Online Library}
}
@article{grant2018cold,
  title={Cold Pool-Land Surface Interactions in a Dry Continental Environment},
  author={Grant, Leah D and van den Heever, Susan C},
  journal={Journal of Advances in Modeling Earth Systems},
  volume={10},
  number={7},
  pages={1513--1526},
  year={2018},
  publisher={Wiley Online Library}
}
@article{yang2018boundary,
  title={Boundary Layer Diabatic Processes, the Virtual Effect, and Convective Self-Aggregation},
  author={Yang, Da},
  journal={Journal of Advances in Modeling Earth Systems},
  volume={10},
  number={9},
  pages={2163--2176},
  year={2018},
  publisher={Wiley Online Library}
}
@article{ban2015heavy,
  title={Heavy precipitation in a changing climate: Does short-term summer precipitation increase faster?},
  author={Ban, Nikolina and Schmidli, Juerg and Sch{\"a}r, Christoph},
  journal={Geophysical Research Letters},
  volume={42},
  number={4},
  pages={1165--1172},
  year={2015},
  publisher={Wiley Online Library}
}
@article{keil2014convective,
  title={The convective adjustment time-scale as indicator of predictability of convective precipitation},
  author={Keil, Christian and Heinlein, Florian and Craig, George C},
  journal={Quarterly Journal of the Royal Meteorological Society},
  volume={140},
  number={679},
  pages={480--490},
  year={2014},
  publisher={Wiley Online Library}
}
@incollection{kain1993convective,
  title={Convective parameterization for mesoscale models: The Kain-Fritsch scheme},
  author={Kain, John S and Fritsch, J Michael},
  booktitle={The representation of cumulus convection in numerical models},
  pages={165--170},
  year={1993},
  publisher={Springer}
}
@article{maddox1980mesoscale,
  title={Meoscale convective complexes},
  author={Maddox, Robert A},
  journal={Bulletin of the American Meteorological Society},
  volume={61},
  number={11},
  pages={1374--1387},
  year={1980}
}
@article{bengtsson2013stochastic,
  title={A stochastic parametrization for deep convection using cellular automata},
  author={Bengtsson, Lisa and Steinheimer, Martin and Bechtold, Peter and Geleyn, Jean-Fran{\c{c}}ois},
  journal={Quarterly Journal of the Royal Meteorological Society},
  volume={139},
  number={675},
  pages={1533--1543},
  year={2013},
  publisher={Wiley Online Library}
}
@article{hallquist2009formation,
  title={The formation, properties and impact of secondary organic aerosol: current and emerging issues},
  author={Hallquist, Mattias and Wenger, JC and Baltensperger, Urs and Rudich, Y and Simpson, David and Claeys, M and Dommen, J and Donahue, NM and George, C and Goldstein, AH and others},
  journal={Atmospheric Chemistry and Physics},
  volume={9},
  number={14},
  pages={5155--5236},
  year={2009},
  publisher={Copernicus GmbH}
}
@article{jimenez2009evolution,
  title={Evolution of organic aerosols in the atmosphere},
  author={Jimenez, JL and Canagaratna, MR and Donahue, NM and Prevot, ASH and Zhang, Qi and Kroll, Jesse H and DeCarlo, Peter F and Allan, James D and Coe, H and Ng, NL and others},
  journal={Science},
  volume={326},
  number={5959},
  pages={1525--1529},
  year={2009},
  publisher={American Association for the Advancement of Science}
}
@article{trostl2016role,
  title={The role of low-volatility organic compounds in initial particle growth in the atmosphere},
  author={Tr{\"o}stl, Jasmin and Chuang, Wayne K and Gordon, Hamish and Heinritzi, Martin and Yan, Chao and Molteni, Ugo and Ahlm, Lars and Frege, Carla and Bianchi, Federico and Wagner, Robert and others},
  journal={Nature},
  volume={533},
  number={7604},
  pages={527--531},
  year={2016},
  publisher={Nature Publishing Group}
}
@article{gordon2016reduced,
  title={Reduced anthropogenic aerosol radiative forcing caused by biogenic new particle formation},
  author={Gordon, Hamish and Sengupta, Kamalika and Rap, Alexandru and Duplissy, Jonathan and Frege, Carla and Williamson, Christina and Heinritzi, Martin and Simon, Mario and Yan, Chao and Almeida, Jo{\~a}o and others},
  journal={Proceedings of the National Academy of Sciences},
  volume={113},
  number={43},
  pages={12053--12058},
  year={2016},
  publisher={National Acad Sciences}
}
@article{bianchi2016new,
  title={New particle formation in the free troposphere: A question of chemistry and timing},
  author={Bianchi, F and Tr{\"o}stl, J and Junninen, H and Frege, C and Henne, S and Hoyle, CR and Molteni, U and Herrmann, E and Adamov, A and Bukowiecki, N and others},
  journal={Science},
  volume={352},
  number={6289},
  pages={1109--1112},
  year={2016},
  publisher={American Association for the Advancement of Science}
}
@article{cohen2004response,
  title={The response time of a convective cloud ensemble to a change in forcing},
  author={Cohen, Brenda G and Craig, George C},
  journal={Quarterly Journal of the Royal Meteorological Society},
  volume={130},
  number={598},
  pages={933--944},
  year={2004},
  publisher={Wiley Online Library}
}
@article{rio2009shifting,
  title={Shifting the diurnal cycle of parameterized deep convection over land},
  author={Rio, C and Hourdin, F and Grandpeix, J-Y and Lafore, J-P},
  journal={Geophysical Research Letters},
  volume={36},
  number={7},
  year={2009},
  publisher={Wiley Online Library}
}
@article{feng2015mechanisms,
  title={Mechanisms of convective cloud organization by cold pools over tropical warm ocean during the AMIE/DYNAMO field campaign},
  author={Feng, Zhe and Hagos, Samson and Rowe, Angela K and Burleyson, Casey D and Martini, Matus N and Szoeke, Simon P},
  journal={Journal of Advances in Modeling Earth Systems},
  volume={7},
  number={2},
  pages={357--381},
  year={2015},
  publisher={Wiley Online Library}
}
@article{rotunno1988theory,
  title={A theory for strong, long-lived squall lines},
  author={Rotunno, Richard and Klemp, Joseph B and Weisman, Morris L},
  journal={Journal of the Atmospheric Sciences},
  volume={45},
  number={3},
  pages={463--485},
  year={1988}
}
@article{miura2007madden,
  title={A Madden-Julian oscillation event realistically simulated by a global cloud-resolving model},
  author={Miura, Hiroaki and Satoh, Masaki and Nasuno, Tomoe and Noda, Akira T and Oouchi, Kazuyoshi},
  journal={Science},
  volume={318},
  number={5857},
  pages={1763--1765},
  year={2007},
  publisher={American Association for the Advancement of Science}
}
@article{nasuno2007multiscale,
  title={Multiscale organization of convection simulated with explicit cloud processes on an aquaplanet},
  author={Nasuno, Tomoe and Tomita, Hirofumi and Iga, Shinichi and Miura, Hiroaki and Satoh, Masaki},
  journal={Journal of the atmospheric sciences},
  volume={64},
  number={6},
  pages={1902--1921},
  year={2007}
}
@article{nasuno2015convectively,
  title={Convectively coupled equatorial waves simulated on an aquaplanet in a global nonhydrostatic experiment},
  author={Nasuno, Tomoe and Tomita, Hirofumi and Iga, Shinichi and Miura, Hiroaki and Satoh, Masaki},
  journal={Journal of the Atmospheric Sciences},
  volume={72},
  number={9},
  year={2015}
}

@article{pincus2009monte,
  title={{Monte Carlo spectral integration: A consistent approximation for radiative transfer in large eddy simulations}},
  author={Pincus, Robert and Stevens, Bjorn},
  journal={Journal of Advances in Modeling Earth Systems},
  volume={1},
  number={2},
  year={2009},
  publisher={Wiley Online Library}
}

@article{fu1992correlated,
  title={On the correlated k-distribution method for radiative transfer in nonhomogeneous atmospheres},
  author={Fu, Qiang and Liou, KN},
  journal={Journal of the Atmospheric Sciences},
  volume={49},
  number={22},
  pages={2139--2156},
  year={1992}
}

@article{holloway2017observing,
  title={Observing convective aggregation},
  author={Holloway, Christopher E and Wing, Allison A and Bony, Sandrine and Muller, Caroline and Masunaga, Hirohiko and L’Ecuyer, Tristan S and Turner, David D and Zuidema, Paquita},
  journal={Surveys in Geophysics},
  volume={38},
  number={6},
  pages={1199--1236},
  year={2017},
  publisher={Springer}
}

@article{holloway2017convective,
  title={Convective aggregation in realistic convective-scale simulations},
  author={Holloway, Christopher E},
  journal={Journal of Advances in Modeling Earth Systems},
  volume={9},
  number={2},
  pages={1450--1472},
  year={2017},
  publisher={Wiley Online Library}
}

@article{rooney2018,
  title={Similarity-based approximations for the evolution of a gravity current},
  author={Rooney, GG},
  journal={Quarterly Journal of the Royal Meteorological Society},
  year={2018},
  publisher={Wiley Online Library}
}
